1932 3319
350 256 716 317 AEGRoT.
774 253 891 304 ET
952 253 1152 302 SAN.
1309 272 1399 331 1223

122 407 168 447 et
190 393 283 442 fere
306 391 447 439 etiam
466 390 721 439 usitatiores
744 389 1199 439 medicamentorum
1225 384 1408 434 formu-

120 469 188 516 las
210 467 369 530 vigore
401 465 480 512 suo
505 464 795 528 postremum
818 462 1026 528 superatg
1070 462 1125 508 In
1150 476 1206 509 eo
1231 462 1408 509 etenim

119 551 374 605 utrumque
418 540 535 587 istud
563 538 819 587 Medicinae
856 554 1003 602 genus
1028 535 1251 604 diflentit,
1276 536 1408 601 quod

123 614 467 661 medicamenta
489 612 645 669 citius,
683 611 716 658 fi
736 611 930 674 quidem
958 609 1220 678 conferunt,
1259 625 1413 672 aegro-

119 689 328 739 tantibus
357 687 612 747 conferant,
656 688 823 734 morbo
848 701 1005 736 tamen
1032 700 1082 733 ut
1108 699 1241 733 antea
1259 685 1411 749 saepis-

120 762 232 810 sune
250 762 355 826 'post
374 762 668 812 renascente:
712 761 864 808 diaetae
888 777 1002 814 vero
1021 761 1220 812 tenuitas
1237 760 1412 808 tardius

121 838 403 902 pierumque
425 839 584 902 profit,
611 837 834 884 morbum
854 849 1013 884 tamen
1024 835 1224 882 validius
1244 849 1412 892 mutet,
1439 833 1443 836 ’

123 911 451 973 minoremque
477 924 721 975 eapropter
739 909 894 957 secum
917 909 1209 956 securitatem
1236 910 1414 968 afferat,

124 984 253 1048 quod
299 984 624 1049 Hippocrates
672 983 807 1038 dixit,
873 983 1002 1046 quod
1059 981 1153 1029 fere
1211 984 1415 1031 nimium

126 1056 313 1103 adversa
361 1059 548 1118 morbo,
588 1072 634 1105 et
664 1056 870 1104 sanitatis
903 1056 1317 1105 consuetudinibus
1344 1059 1419 1105 in-

123 1129 282 1178 stituta
321 1130 553 1194 sequatur.
622 1132 787 1191 Subita
836 1132 1011 1178 etenim
1058 1132 1331 1179 cun&arum
1368 1133 1417 1180 in

125 1202 226 1250 vita
287 1204 678 1252 consuetudinum
728 1205 998 1252 immutatio
1041 1205 1157 1252 tanti
1205 1204 1252 1252 in
1299 1204 1419 1252 sani-

128 1272 220 1334 tate
246 1275 453 1323 {imiliter
478 1291 523 1324 et
539 1276 716 1326 morbis
734 1276 813 1331 est,
841 1290 893 1322 ut
916 1277 997 1324 vix
1022 1277 1158 1339 plura
1175 1294 1199 1322 a
1215 1278 1423 1325 medica·
1476 1293 1479 1297 ’

127 1347 298 1406 mentis
333 1348 498 1412 sperari
542 1353 734 1412 possint:
777 1350 984 1396 Morbus
1027 1350 1152 1396 enim
1178 1351 1309 1412 quod
1346 1351 1422 1399 iis-

131 1421 242 1474 dem
267 1437 407 1486 atque
434 1424 602 1470 sanitas
641 1436 860 1470 motuum
887 1423 1263 1487 eonsenfionibus
1288 1443 1423 1490 rega-

130 1509 220 1554 tur,
259 1498 569 1546 diverfimode
594 1511 752 1546 tamen
789 1499 1167 1563 contemperatis,
1216 1515 1427 1564 cumque

130 1565 295 1632 sanitas
321 1573 376 1633 fit
420 1573 513 1622 fere
540 1573 783 1621 consensus
814 1590 936 1621 unus
959 1576 1179 1622 omnium
1205 1589 1424 1624 motuum

129 1645 273 1703 Vitae,
296 1640 480 1694 tantum
506 1647 757 1693 universim
784 1636 938 1693 morbi
962 1648 1078 1695 ordo
1101 1650 1168 1695 ab.
1183 1662 1425 1712 aegrotan-

131 1719 251 1769 tium
290 1720 517 1784 regimine
564 1723 795 1777 turbatur,
836 1735 1068 1784 quantum
1091 1721 1305 1769 universa
1329 1737 1428 1771 tur-

135 1794 272 1841 batur
291 1796 423 1851 Vita„
450 1797 627 1863 istaque
645 1797 923 1844 tantundem
945 1797 1175 1852 turbatur,
1202 1815 1298 1861 quo
1319 1800 1424 1862 plus

134 1869 284 1916 multa
309 1883 472 1917 contra
514 1872 751 1919 diuturnas
787 1871 1143 1918 consuetudines
1168 1886 1426 1934 patrantur,

135 1942 230 1990 five
261 1944 416 2006 quoad
431 1946 573 1992 dietae
591 1947 791 2010 regulas,
813 1945 905 2002 five
930 1946 1085 2009 quoad
1103 1943 1367 2003 decubitus,
1383 1960 1431 1994 et

135 2024 283 2072 somni
322 2038 549 2087 tempor-a,
577 2026 668 2072 five
693 2025 853 2089 quoad
887 2025 1064 2087 reliqua
1087 2024 1198 2070 vitae
1222 2040 1428 2084 munera,

138 2099 311 2163 quibus
324 2111 576 2160 aegrotans3
594 2113 756 2145 contra
780 2114 924 2161 quam
938 2098 1070 2145 sanus
1086 2097 1275 2155 fecerat,
1288 2117 1432 2164 prop-

139 2187 208 2220 ter
227 2173 540 2220 necessitatem
563 2172 774 2219 abstinet.
817 2174 941 2238 Qae
963 2173 1185 2235 pleraque
1206 2175 1432 2221 mutatio-

141 2264 256 2293 num
281 2263 449 2309 genera
474 2263 583 2294 cum
608 2248 702 2310 ipse
727 2247 810 2294 fibi
836 2248 1031 2293 morbus
1064 2248 1278 2309 postulet,
1321 2248 1431 2297 inde

142 2324 347 2386 Naturas
367 2323 642 2369 morborum
667 2322 989 2372 medicatrices
1005 2322 1209 2369 constare
1224 2321 1410 2386 judico.

215 2487 261 2531 3.
296 2473 457 2534 Qam
484 2472 545 2518 ob
573 2472 775 2531 causam,
814 2472 895 2536 qui
933 2472 992 2518 de
1026 2473 1205 2536 Agente‚
1247 2485 1293 2520 et
1337 2475 1435 2521 Ex«

136 2551 341 2609 peHante
367 2545 629 2602 Medicina,
672 2563 816 2611 quern
859 2547 904 2593 in
929 2548 1129 2594 modum
1154 2548 1430 2610 loquuntur,

146 2621 331 2684 nuperis
357 2622 499 2667 etiam
524 2623 654 2668 annis
693 2623 844 2669 multa
866 2623 1083 2686 utrinque
1108 2622 1432 2686 disseruerunt,

150 2694 182 2744 ii
198 2695 391 2758 quidem
402 2693 647 2742 veritatem
667 2695 864 2745 minime
882 2697 996 2744 mihi
1013 2696 1177 2744 vidiffe
1198 2695 1433 2750 videntur,

1248 2768 1437 2831 quando
