1975 3343
1342 277 1510 357 [xix]

191 452 355 508 eoque
396 434 536 508 pluS,
590 454 696 511 quo
737 433 1065 491 internorum
1089 433 1231 489 Vitae
1255 431 1512 486 Motuurn

188 536 328 576 certa
355 524 405 576 in
433 545 492 578 eo
518 527 652 597 perit
678 525 962 598 proportio,
1005 538 1056 576 et
1085 522 1280 595 regula.
1324 522 1509 598 Qan-

187 625 306 666 tum
352 615 490 668 enim
544 617 747 670 interna
771 618 880 689 ejus
923 617 1175 669 Motuum
1223 612 1366 665 Vitae
1405 612 1508 664 ele·-

186 715 365 754 menta
389 705 742 770 debilitantur,
782 719 993 759 tantum
1037 700 1298 775 potestatis
1336 713 1510 752 exter-

183 791 266 843 nis
288 788 486 857 cauffiS,
516 814 638 848 cum
664 796 790 849 Vita
808 792 1241 867 conspirantibuS,
1263 787 1508 863 adjungi-

183 893 288 934 tur.
366 881 582 956 Propter
609 905 726 957 quae
751 898 878 957 puto
905 903 988 937 eos
1031 901 1278 955 magnam
1304 893 1505 952 partem

181 991 363 1026 verum
389 974 583 1039 vidisse,
623 977 716 1049 qui
759 989 1066 1048 perpetuam
1100 971 1424 1025 debilitatem
1450 968 1505 1020 in

182 1065 378 1118 morbis
406 1068 724 1121 confiderant
748 1084 759 1119 z
802 1083 1122 1140 quamquam
1150 1062 1247 1115 hos
1290 1059 1504 1132 quidem

180 1152 369 1206 intueri
389 1156 580 1208 necefle
601 1157 692 1216 est,
717 1178 780 1208 ne
798 1176 915 1227 quae
939 1156 1128 1206 virium
1152 1153 1506 1208 additamenta.

178 1245 583 1314 AEgrotantibus
628 1258 830 1315 parant,
872 1263 996 1295 cum
1036 1239 1361 1313 aequabiliter
1411 1260 1503 1310 per

177 1354 334 1386 omne
382 1350 567 1404 corpus
612 1334 1000 1395 distribuantur,
1040 1349 1226 1401 parum
1276 1330 1499 1383 omnino

176 1423 430 1475 debilitati
457 1423 782 1487 subveniant,
806 1442 995 1491 nempe
1012 1419 1150 1493 quod
1172 1421 1208 1472 fi
1226 1420 1499 1493 inaequali-

175 1513 270 1565 bus
299 1513 552 1567 addantur
585 1514 823 1586 aequalia,
863 1533 982 1587 quae
1018 1526 1309 1578 remanent,
1338 1527 1498 1569 erunt

170 1618 421 1677 perpetuo
445 1604 743 1677 inaequalia.

240 1779 418 1837 XVII.
454 1783 585 1838 Dixi
606 1785 660 1839 in
682 1785 776 1840 rite
806 1787 1013 1841 valente
1031 1785 1286 1851 Homine,
1321 1787 1492 1840 mani-

172 1873 296 1929 festa
317 1875 511 1943 minua,
527 1878 777 1951 nullaque
797 1878 974 1942 etiam,
994 1897 1021 1929 a
1042 1877 1494 1930 circumfluiAeris

169 1967 549 2022 mutationibus
567 1969 749 2023 inditia
766 1980 957 2031 extare,
978 1967 1359 2039 minimamque
1376 1966 1493 2018 uni-

168 2057 355 2109 verfim
380 2059 489 2130 ejus
508 2058 669 2123 Vitae,
714 2073 924 2132 propter
949 2078 1052 2121 eas,
1082 2057 1492 2112 mutabilitatem

167 2146 448 2199 incurrere.
522 2149 583 2200 In
606 2148 697 2201 isto
723 2149 864 2202 enim
891 2149 1136 2210 maxime,
1183 2146 1492 2203 nobiliffima

167 2235 421 2288 Hominis
442 2238 643 2289 Natura
664 2237 933 2300 fundatur,
974 2250 1032 2289 ut
1052 2237 1245 2289 nedum
1267 2236 1491 2290 inoffen-

167 2325 235 2391 se,
266 2326 519 2398 infignem
539 2327 591 2380 in
613 2327 974 2399 circumposito
987 2329 1122 2379 Aere
1143 2325 1490 2381 mobilitatem

167 2414 423 2480 sustineat,
465 2415 548 2470 sed
575 2431 783 2470 tantum
814 2418 1019 2490 insuper
1038 2417 1127 2470 fibi
1151 2417 1212 2469 ab
1239 2416 1329 2469 illa
1355 2429 1488 2470 tem-

166 2522 328 2579 peret,
369 2521 428 2560 ut
456 2507 800 2562 circumfusus
825 2511 977 2569 Aere,
1017 2507 1252 2578 proxime
1296 2506 1489 2559 ebulli-

168 2597 304 2650 entis
331 2616 477 2670 aquae
516 2598 738 2652 calorem
765 2610 1020 2672 aequante,
1061 2596 1150 2650 ille
1194 2596 1282 2650 vix
1327 2595 1490 2648 mini-

171 2706 323 2742 mum
351 2708 379 2741 a
404 2688 625 2743 naturali
665 2686 755 2743 suo
800 2689 984 2753 caloris
1024 2689 1186 2763 gradu
1220 2685 1443 2741 discedat
1472 2705 1491 2747 ;

794 2780 826 2833 b
867 2798 896 2838 2
1292 2788 1494 2847 contra,
