1932 3319
391 252 758 302 AEGRoT.
817 252 933 301 ET
995 252 1193 306 SAN.
1359 270 1450 321 159

198 392 207 396 “
230 400 278 449 7.
314 384 397 434 Est
417 386 520 434 sane
545 387 591 434 in
615 386 791 434 morbis
819 387 999 452 aliquot
1037 387 1251 434 materies
1275 389 1454 436 morbi-

163 459 251 508 fica
291 462 550 508 admodum
591 461 860 508 manifesta:
905 461 1122 524 exemplo
1163 460 1264 508 sunt
1308 463 1387 524 qui
1430 480 1457 510 a

162 533 380 597 contagio
414 534 568 582 morbi
602 534 880 582 nascuntur:
924 534 1183 600 cujusmodi
1210 535 1458 597 contagio-

161 625 267 657 rum
290 611 384 658 duo
409 611 604 675 quidem
637 610 885 658 universim
928 612 1041 659 sunt
1067 627 1267 675 genera:
1307 623 1458 657 mate-

164 684 276 731 riale
302 700 468 741 unum,
491 685 669 748 subque
689 685 853 732 oculos
873 686 1040 732 cadens
1062 702 1072 731 :
1108 683 1378 747 exemplum
1398 685 1461 731 est.

164 757 211 805 in
223 758 432 817 variolis,
446 771 816 822 caeterorumque
829 759 1315 806 exanthematicorum
1333 774 1461 806 mor-

162 830 334 877 borum
357 830 685 878 insitionibus:
725 831 956 879 invisibile
998 832 1197 879 alterum
1241 830 1459 894 spiritale,

162 904 449 969 principium
474 906 719 970 septicum,
747 906 1013 969 putridum,
1042 907 1168 954 Vitae
1194 906 1461 963 inimicum,

163 979 294 1042 quod
340 996 445 1027 non·
476 998 572 1029 uno
617 979 876 1028 infectionis
917 980 1062 1027 modo
1095 979 1256 1026 sanum
1294 996 1464 1043 corpus

164 1051 491 1098 contaminat:
530 1053 666 1117 hujus
692 1055 872 1117 generis
898 1054 1000 1100 sunt
1025 1052 1251 1108 nervosae,
1285 1068 1332 1100 et
1356 1054 1464 1116 gas-

165 1125 298 1172 tricae
335 1125 395 1172 fic
435 1126 574 1174 dic‘tae
622 1128 804 1189 febres:
859 1129 973 1174 item
1016 1143 1186 1190 magna
1225 1127 1465 1174 intermit-

165 1193 369 1238 tentium
416 1194 602 1254 cohors,
642 1195 789 1241 multa
829 1194 991 1243 saltem
1009 1210 1066 1240 ex
1107 1206 1271 1256 parte:
1311 1195 1464 1243 morbi

167 1265 283 1314 item
308 1266 579 1331 epidemici‚
619 1269 802 1316 tametsi
844 1285 939 1316 non
979 1283 1144 1314 omnes
1163 1286 1176 1315 :
1210 1266 1348 1314 latius
1377 1268 1466 1314 sal-

167 1353 265 1387 tem
280 1359 444 1406 ,quam
461 1344 630 1390 veritas
648 1343 836 1407 patitur,
854 1342 1141 1406 principium
1157 1342 1204 1387 in
1225 1357 1326 1387 aere
1342 1342 1466 1404 Epi-

169 1414 413 1462 demicum
458 1415 579 1478 saepe
616 1416 855 1479 quaeritur.
948 1415 1168 1462 Tandem
1216 1415 1467 1462 materialis

169 1481 261 1527 alia
284 1476 563 1528 morborlim
590 1482 741 1529 cauffa
768 1482 814 1529 in
834 1482 1089 1539 stomachO,
1107 1481 1363 1546 primisque
1378 1483 1467 1532 viis

168 1554 426 1602 delitescit:
473 1555 596 1602 acria
654 1555 846 1619 ingesta,
906 1556 1154 1611 corrofiva,
1212 1557 1467 1616 narcotica,

170 1640 219 1675 et
257 1629 534 1687 consimilia,
581 1646 690 1694 quae
730 1629 1079 1677 intolerabilem
1120 1629 1310 1677 animali
1356 1630 1470 1678 vitae

172 1701 518 1766 principiorum
537 1703 815 1750 mixtionem
843 1703 890 1748 in
913 1702 957 1749 se
984 1702 1188 1749 habent:
1234 1702 1348 1749 item
1374 1702 1468 1750 im-

173 1776 363 1824 modica
383 1777 479 1823 cibi
501 1790 547 1824 et
570 1791 710 1841 potus
736 1777 1000 1839 assumptio.
1071 1776 1270 1823 Illorum
1296 1793 1469 1839 magna

175 1865 303 1912 parS,
344 1850 567 1896 materiali
592 1851 755 1906 cauffa,
781 1865 886 1913 quae
906 1848 1128 1895 morbum
1152 1848 1339 1906 fecerat,
1366 1849 1470 1898 sub-

177 1925 286 1982 lata,
329 1925 375 1971 in
401 1925 595 1972 salutem
619 1923 860 1971 confestim
884 1922 1176 1970 terminatur.

248 2073 292 2117 8.
335 2070 431 2117 Vix
445 2081 601 2117 tamen
626 2069 1005 2133 praetereundum
1038 2068 1102 2115 est
1125 2084 1228 2116 eam
1256 2070 1345 2117 effe
1369 2071 1474 2133 ple-

181 2159 440 2206 rorumque
473 2160 530 2190 ex
567 2143 656 2200 his,
704 2161 819 2208 quas
843 2143 1112 2199 citavimus,
1154 2144 1474 2192 materialibus

185 2211 463 2257 morborum
489 2213 652 2258 cauffis
679 2224 908 2266 naturam,
946 2223 999 2256 ut
1023 2209 1161 2256 noxia
1201 2226 1363 2257 eorum
1382 2227 1473 2275 po·-

185 2282 318 2330 testas
343 2282 424 2329 vix
458 2295 646 2346 propter
670 2285 997 2338 necessitatem,
1039 2283 1166 2345 quod
1199 2282 1386 2340 dicitur,
1423 2285 1473 2331 in

185 2353 229 2401 se
249 2354 404 2411 laedat,
447 2355 611 2420 fitque,
636 2371 859 2419 magnam
884 2354 1046 2401 saltem
1071 2368 1272 2417 partem,
1312 2356 1469 2404 relati-

187 2444 266 2475 va.
337 2429 509 2491 Neque
528 2429 656 2476 enim
676 2445 768 2484 eos,
795 2444 917 2491 quos
941 2428 1132 2475 variolae
1148 2427 1344 2492 jamque
1370 2446 1476 2477 cor-

191 2496 450 2558 ripuerunt,
489 2496 642 2543 denuo
668 2496 861 2543 morbus
889 2494 1106 2542 invadere
1146 2495 1274 2552 solet,
1313 2510 1474 2543 conta-

193 2570 405 2634 giolicet
429 2571 700 2619 immediate
741 2571 1010 2634 applicato:
1061 2587 1143 2617 nec
1167 2569 1477 2634 putrefactiva

194 2663 220 2694 a
245 2647 426 2706 tellure,
458 2662 504 2695 et
545 2665 648 2696 aere
682 2646 912 2714 principia
952 2645 1122 2712 pariter
1145 2646 1363 2694 omnibus
1390 2663 1478 2693 no-

1349 2733 1479 2766 cent:
