1932 3319
418 273 484 322 60
644 273 762 324 DE
829 274 1015 324 VIT.
1088 277 1482 328 PERIOD.

484 406 562 455 27.
601 394 793 442 Nicolai
819 395 910 443 Fil.
936 395 1038 459 post
1056 395 1273 444 sudorem
1296 397 1443 445 tertiae
1464 397 1575 457 diei,
1615 398 1735 464 qui]

342 506 345 509 .
415 466 620 526 ceffavit,
658 468 869 531 Septima
887 482 1100 517 mortuus
1124 468 1256 516 est³⁵.

482 620 561 665 28.
601 616 699 684 Qi
741 615 894 663 lateris
935 615 1239 664 mollitudine
1283 616 1452 674 tabuit,
1498 631 1710 666 mortuus
1756 629 1762 634 ’

417 688 481 736 est
502 691 578 737 die
603 689 798 754 septima
814 688 868 738 ³⁶.

430 871 432 873 ·
481 853 560 902 29.
599 836 803 887 Simonis
828 836 985 885 Uxori
1027 836 1126 900 post
1144 834 1294 883 febres
1343 834 1418 882 sex·
1460 837 1708 895 mensium,

414 911 546 959 alvus
571 910 788 967 substitit,
831 923 878 956 et
902 910 1003 973 post
1026 910 1203 975 septem
1228 909 1327 956 dies
1347 922 1535 957 mortua
1559 911 1621 958 est
1638 912 1690 958 ³⁷.
1748 932 1751 935 ·

479 1072 560 1120 30.
597 1057 892 1120 Ctefiphonti
912 1056 995 1104 sub
1020 1057 1301 1113 Arcturum,
1326 1056 1573 1105 tubercula
1595 1055 1707 1120 jux-

412 1143 459 1178 ta
481 1146 656 1187 aurem,
703 1129 798 1177 fere
824 1129 998 1177 circa³⁸
1027 1131 1306 1201 Septimam.

746 1353 794 1401 D
864 1355 885 1402 I
956 1354 1000 1402 E
1071 1355 1101 1400 S
1239 1354 1379 1403 VIII.

474 1495 539 1541 A.
577 1492 771 1542 Tertius
797 1510 853 1541 ex
893 1494 1167 1541 circuitibus
1194 1494 1383 1557 paribus
1412 1491 1730 1561 decernenti--

407 1565 494 1613 bus
518 1585 529 1613 ε
573 1567 696 1613 hunc
723 1580 879 1614 tamen
914 1569 1042 1627 diem
1067 1569 1114 1615 in
1139 1584 1216 1627 eo,
1263 1584 1407 1632 quem
1438 1565 1704 1621 citavimus,

408 1642 719 1704 Hippocratis
745 1656 874 1690 textu
900 1645 1216 1707 percensendo
1240 1643 1447 1690 ommifit
1472 1642 1704 1704 Galenus!

406 1723 612 1771 eumque
660 1709 870 1757 imitatus
913 1711 975 1757 cst
1024 1711 1275 1757 Cornarius
1297 1712 1328 1756 ¹.
1413 1708 1702 1771 Frequentia

404 1773 541 1837 hujus
563 1774 853 1838 dicijudicia
879 1777 1165 1840 Hippocrati
1192 1776 1284 1823 visa
1325 1777 1370 1822 in
1396 1775 1600 1838 quadam
1633 1772 1701 1820 fc-

406 1847 561 1893 brium
588 1848 952 1906 Constitutione,
978 1850 1091 1897 item
1109 1850 1355 1897 tubercula
1382 1849 1440 1895 ad
1468 1864 1598 1894 aures
1618 1847 1703 1906 hac

406 1921 481 1968 die
508 1923 812 1986 erumpentia.

471 2069 528 2114 B.
566 2068 712 2116 Extat
748 2069 891 2115 etiam
928 2085 1019 2116 non
1045 2086 1167 2116 unus
1192 2069 1319 2132 apud
1342 2065 1701 2132 Epidcmiarum

407 2142 652 2205 scriptores
689 2144 747 2190 dc
782 2143 919 2206 hujus
942 2143 1241 2206 dicijudiciis
1265 2136 1411 2190 locus.
1487 2140 1697 2203 Anginae

407 2218 722 2278 gaugi-aenosae
742 2218 1003 2267 Parifienfis
1023 2219 1232 2267 coenobii
1251 2217 1490 2281 cujusdam
1509 2220 1544 2272 ⁶,
1585 2215 1698 2260 item
1715 2215 1721 2224 ’

454 2381 486 2403 35
517 2380 606 2418 Lot.
628 2384 688 2417 cil.

451 2438 486 2465 ³⁶
517 2438 610 2474 Loc.
626 2438 689 2475 cit.
707 2437 826 2475 Extat
845 2440 974 2477 eadem
988 2438 1145 2484 historia*
1159 2436 1273 2476 etiam
1291 2436 1330 2475 in
1355 2437 1468 2489 Epid.
1493 2435 1549 2475 V.
1570 2449 1704 2478 manca

397 2503 523 2533 tamen
537 2506 573 2533 et
589 2509 745 2533 erronea
765 2496 1071 2548 interpunctione
1091 2497 1193 2536 edita
1210 2496 1250 2535 in
1268 2497 1357 2535 Coll.
1383 2497 1571 2548 Lausann.

452 2557 487 2581 ³⁷
514 2556 601 2592 Loc.
621 2560 679 2593 cst.
704 2557 794 2605 sm.
813 2555 853 2594 ii.

451 2616 484 2646 3³
512 2618 601 2654 Loc.
622 2619 682 2652 cit.

452 2683 464 2700 ¹
495 2676 611 2713 Conf.
633 2676 734 2713 Foes.
768 2678 866 2715 Com.
896 2677 935 2715 in
951 2679 1065 2730 Epid.
1082 2679 1113 2717 Ι.
1127 2680 1220 2729 fic‘J.
1240 2678 1295 2717 iii.

452 2738 467 2757 2
497 2734 647 2774 Chomcl.
674 2737 770 2785 Diffi
801 2736 1059 2786 Histdlffahmst
1091 2751 1127 2786 2,
1154 2749 1191 2787 4,
1209 2738 1259 2792 ξς,
1289 2738 1327 2776 6.

1522 2858 1525 2861 ¹
1570 2800 1687 2865 regii
