1932 3319
430 250 523 299 294
656 237 772 287 DE
823 239 1010 288 v1T.
1070 236 1459 290 PER10D.

797 447 836 494 C
907 448 955 494 A
1025 447 1082 495 P.
1202 449 1342 502 ‚VIL

428 590 500 637 De
517 593 750 639 Medicina>
769 595 980 654 Potestate
1007 599 1051 642 V
1046 595 1228 642 italibus
1246 595 1505 653 Morborum
1521 593 1721 642 Poriodis

510 658 633 705 haud
654 660 911 722 plurimum,
954 664 1179 724 universtm
1191 663 1369 725 saltem,
1415 662 1634 725 officiente.

437 808 478 841 1.
650 801 745 846 ST
785 814 906 848 certe
944 801 1206 864 gravissima
1247 799 1460 848 adversus
1502 798 1728 846 Medicos

666 871 947 926 criminatio,
1004 874 1134 935 quod
1187 870 1522 934 intempestivis
1575 886 1727 918 reme-

431 939 522 986 diis
547 943 783 989 Naturam
814 945 1017 1001 turbent,
1044 945 1282 992 coetiones
1307 944 1546 999 differant,
1586 945 1729 991 Mor·
1753 935 1756 938 .

432 1014 642 1078 bumque
668 1030 713 1063 et
738 1020 990 1075 Naturam,
1027 1020 1154 1082 quafi
1182 1018 1228 1065 in
1251 1017 1532 1082 obsequium
1558 1032 1730 1080 cogere

431 1089 714 1138 adnitantur.
753 1095 911 1158 Qare
937 1093 1311 1157 Hippocraticos
1334 1092 1573 1148 circuitus,
1598 1108 1727 1140 mor—

435 1162 701 1226 borumque
758 1166 982 1213 terminos
1031 1167 1127 1223 vix,
1183 1182 1237 1213 ac
1291 1182 1350 1213 ne
1403 1165 1486 1212 vix
1534 1165 1756 1229 quidemst

431 1251 596 1282 eorum
617 1238 772 1300 praxis
794 1241 1057 1296 confirmat,
1096 1253 1320 1303 tantaque
1345 1252 1592 1303 propterea
1615 1255 1731 1286 cum

434 1309 738 1372 antiquorum
758 1313 1035 1360 morborum
1053 1313 1381 1366 solutionibus,
1399 1313 1739 1360 hodiernorum

433 1380 699 1431 differentia
744 1399 905 1432 extat:
976 1388 1104 1451 quod
1158 1387 1205 1434 in
1253 1386 1566 1434 Medicorum·
1599 1386 1730 1434 libris

434 1457 603 1504 nullibi
630 1475 721 1506 non
748 1461 984 1516 iteratum,
1034 1460 1374 1508 consentientes
1405 1461 1568 1508 habuit
1591 1460 1730 1509 nobi-

435 1529 626 1580 liffimos
647 1533 695 1580 in
720 1536 839 1582 Arte
858 1539 1001 1583 viros.

506 1688 551 1721 2.
589 1675 825 1723 Adversus
850 1692 986 1738 quos,
1029 1692 1173 1740 quam
1196 1674 1248 1722 sit
1265 1674 1394 1722 diebu
1414 1674 1608 1723 difficile
1623 1674 1729 1740 pla-

440 1762 498 1793 ne
516 1747 681 1806 sentio,
707 1765 818 1795 cum
838 1750 1113 1796 alterutrum
1138 1766 1195 1796 ex
1215 1749 1285 1797 his
1304 1749 1529 1796 verificari
1555 1750 1735 1800 necefl‘e

440 1819 510 1876 sit,
559 1835 638 1867 aut
685 1822 981 1870 Medicinam
1030 1823 1224 1886 aliquid·
1257 1821 1472 1871 adversus
1512 1823 1734 1882 Morbos,

439 1895 706 1959 exindeque
728 1898 959 1945 Naturam
985 1897 1157 1953 valere,
1202 1911 1463 1960 eorumque
1485 1909 1736 1961 propterea

440 1968 677 2031 periodos,
741 1984 787 2017 et
824 1972 941 2017 fines
991 1971 1256 2027 immutare,
1307 1984 1386 2018 aut
1430 1970 1600 2018 Artem
1642 1985 1736 2018 non

440 2057 632 2108 propter
657 2060 726 2100 ea,
770 2062 876 2107 quae
895 2046 1041 2108 vulgo
1072 2057 1313 2107 putantur,
1365 2042 1576 2092 homines
1600 2044 1735 2109 adju-

442 2134 568 2164 vare.
604 2119 778 2181 Neque
795 2119 919 2165 enim
937 2132 1178 2182 propterea
1201 2117 1390 2164 utilium
1409 2118 1601 2167 Artium
1623 2135 1735 2167 cen-

443 2192 491 2238 su
509 2210 559 2239 ea
575 2193 809 2239 movenda
828 2194 956 2250 esset,
974 2195 1104 2258 quod
1118 2194 1459 2241 Litteratorum
1472 2192 1734 2256 hominurn,

444 2268 607 2314 malim
648 2267 986 2330 Sophistarum,
1039 2267 1335 2314 turbulentus}
1369 2282 1483 2329 grex
1509 2264 1737 2332 perpetuo

446 2339 650 2386 sermone
678 2354 850 2404 crepat.
923 2342 1104 2388 Verum
1135 2340 1244 2396 istis,
1280 2341 1407 2403 quod
1443 2341 1611 2405 reliqui
1648 2343 1737 2391 ho·

447 2414 596 2460 mines
618 2430 777 2477 agunt,
817 2432 873 2461 ex
891 2414 1098 2461 instituto
1123 2415 1365 2478 displicet:
1419 2431 1623 2481 cumque
1643 2417 1690 2464 hi
1711 2435 1739 2466 a

445 2488 630 2551 reliquo
657 2490 905 2536 hominum
930 2489 1184 2545 consortio,
1232 2489 1387 2553 quoad
1413 2491 1510 2537 fieri
1533 2502 1737 2553 poterat,

447 2575 493 2609 et
520 2561 788 2623 cogitando,
827 2577 871 2609 et
897 2563 1159 2620 scribendo,
1186 2577 1231 2609 et
1251 2563 1297 2609 in
1324 2563 1499 2610 caeteris
1524 2565 1739 2612 humana:

443 2635 798 2684 communitatis
823 2635 988 2683 officiis
1026 2652 1256 2702 perpetuo
1282 2635 1576 2694 discesserint,
1617 2653 1736 2700 prae-

1652 2708 1740 2757 stat

1898 2965 1924 3144 ξῷἲῖῶιιὶῖ»
1907 2922 1917 2949 -,
1911 2885 1914 2888 .
1914 2837 1918 2841 ,
