<?xml version="1.0" encoding="UTF-8"?>
<!DOCTYPE html PUBLIC "-//W3C//DTD XHTML 1.0 Transitional//EN"
    "http://www.w3.org/TR/xhtml1/DTD/xhtml1-transitional.dtd">
<html xmlns="http://www.w3.org/1999/xhtml" xml:lang="en" lang="en">
 <head>
  <title>
</title>
<meta http-equiv="Content-Type" content="text/html;charset=utf-8" />
  <meta name='ocr-system' content='tesseract 3.04.00' />
  <meta name='ocr-capabilities' content='ocr_page ocr_carea ocr_par ocr_line ocrx_word'/>
</head>
<body>
  <div class='ocr_page' id='page_1' title='image "./devitalibusperio01testuoft_0062.png"; bbox 0 0 1932 3319; ppageno 0'>
   <div class='ocr_carea' id='block_1_1' title="bbox 472 319 1522 382">
    <p class='ocr_par' dir='ltr' id='par_1_1' title="bbox 472 319 1522 382">
     <span class='ocr_line' id='line_1_1' title="bbox 472 319 1522 382; baseline 0.007 -18"><span class='ocrx_word' id='word_1_1' title='bbox 472 332 535 382; x_wconf 76' lang='lat'>‚²0</span> <span class='ocrx_word' id='word_1_2' title='bbox 702 319 823 366; x_wconf 86' lang='lat' dir='ltr'>DE</span> <span class='ocrx_word' id='word_1_3' title='bbox 882 320 1068 368; x_wconf 87' lang='lat' dir='ltr'>VIT.</span> <span class='ocrx_word' id='word_1_4' title='bbox 1131 322 1522 371; x_wconf 86' lang='lat' dir='ltr'><strong>PERIOD.</strong></span> 
     </span>
    </p>
   </div>
   <div class='ocr_carea' id='block_1_2' title="bbox 419 426 1805 1391">
    <p class='ocr_par' dir='ltr' id='par_1_2' title="bbox 419 426 1805 1391">
     <span class='ocr_line' id='line_1_2' title="bbox 469 426 1756 503; baseline 0.004 -20"><span class='ocrx_word' id='word_1_5' title='bbox 469 453 588 500; x_wconf 89' lang='lat' dir='ltr'>quos</span> <span class='ocrx_word' id='word_1_6' title='bbox 614 437 944 501; x_wconf 67' lang='lat' dir='ltr'>antiquissima,</span> <span class='ocrx_word' id='word_1_7' title='bbox 972 455 1121 502; x_wconf 78' lang='lat' dir='ltr'>eaque</span> <span class='ocrx_word' id='word_1_8' title='bbox 1148 426 1424 487; x_wconf 64' lang='lat' dir='ltr'>caeterorum</span> <span class='ocrx_word' id='word_1_9' title='bbox 1449 440 1756 503; x_wconf 83' lang='lat' dir='ltr'>praestantiffi·</span> 
     </span>
     <span class='ocr_line' id='line_1_3' title="bbox 467 506 1759 577; baseline 0.005 -21"><span class='ocrx_word' id='word_1_10' title='bbox 467 528 546 557; x_wconf 85' lang='lat' dir='ltr'>rna</span> <span class='ocrx_word' id='word_1_11' title='bbox 586 513 873 574; x_wconf 80' lang='lat' dir='ltr'>exemplaria</span> <span class='ocrx_word' id='word_1_12' title='bbox 924 513 1204 577; x_wconf 79' lang='lat' dir='ltr'>corrupiffe⁸</span> <span class='ocrx_word' id='word_1_13' title='bbox 1255 515 1455 572; x_wconf 86' lang='lat' dir='ltr'>constat,</span> <span class='ocrx_word' id='word_1_14' title='bbox 1495 506 1759 562; x_wconf 74' lang='lat' dir='ltr'>verosimile</span> 
     </span>
     <span class='ocr_line' id='line_1_4' title="bbox 465 589 1802 659; baseline 0.003 -26"><span class='ocrx_word' id='word_1_15' title='bbox 465 589 606 635; x_wconf 78' lang='lat' dir='ltr'>etiam</span> <span class='ocrx_word' id='word_1_16' title='bbox 645 590 707 636; x_wconf 86' lang='lat' dir='ltr'>est</span> <span class='ocrx_word' id='word_1_17' title='bbox 757 595 1043 659; x_wconf 77' lang='lat' dir='ltr'>antiquiores</span> <span class='ocrx_word' id='word_1_18' title='bbox 1080 590 1301 638; x_wconf 89' lang='lat' dir='ltr'>Medicos</span> <span class='ocrx_word' id='word_1_19' title='bbox 1340 591 1542 654; x_wconf 80' lang='lat' dir='ltr'>plurima</span> <span class='ocrx_word' id='word_1_20' title='bbox 1563 591 1757 654; x_wconf 81' lang='lat' dir='ltr'>Hippo·</span> <span class='ocrx_word' id='word_1_21' title='bbox 1798 599 1802 605; x_wconf 87' lang='lat'>&#39;</span> 
     </span>
     <span class='ocr_line' id='line_1_5' title="bbox 467 663 1754 731; baseline 0.001 -23"><span class='ocrx_word' id='word_1_22' title='bbox 467 663 603 710; x_wconf 84' lang='lat' dir='ltr'>cratis</span> <span class='ocrx_word' id='word_1_23' title='bbox 642 664 747 711; x_wconf 90' lang='lat' dir='ltr'>loca</span> <span class='ocrx_word' id='word_1_24' title='bbox 790 685 846 716; x_wconf 85' lang='lat' dir='ltr'>ex</span> <span class='ocrx_word' id='word_1_25' title='bbox 889 665 1074 731; x_wconf 83' lang='lat' dir='ltr'>propria</span> <span class='ocrx_word' id='word_1_26' title='bbox 1116 663 1339 710; x_wconf 82' lang='lat' dir='ltr'>sententia</span> <span class='ocrx_word' id='word_1_27' title='bbox 1380 663 1754 726; x_wconf 82' lang='lat' dir='ltr'>interpolaviffe;</span> 
     </span>
     <span class='ocr_line' id='line_1_6' title="bbox 468 735 1805 805; baseline 0 -23"><span class='ocrx_word' id='word_1_28' title='bbox 468 736 818 804; x_wconf 79' lang='lat' dir='ltr'>additionesque</span> <span class='ocrx_word' id='word_1_29' title='bbox 865 738 1094 805; x_wconf 79' lang='lat' dir='ltr'>ejusmodi</span> <span class='ocrx_word' id='word_1_30' title='bbox 1155 753 1180 783; x_wconf 86' lang='lat' dir='ltr'>a</span> <span class='ocrx_word' id='word_1_31' title='bbox 1217 736 1373 784; x_wconf 83' lang='lat' dir='ltr'>scribis</span> <span class='ocrx_word' id='word_1_32' title='bbox 1423 735 1757 784; x_wconf 71' lang='lat' dir='ltr'>inconsiderate</span> <span class='ocrx_word' id='word_1_33' title='bbox 1803 798 1805 800; x_wconf 21' lang='grc' dir='ltr'>Ι</span> 
     </span>
     <span class='ocr_line' id='line_1_7' title="bbox 419 807 1768 881; baseline -0.003 -23"><span class='ocrx_word' id='word_1_34' title='bbox 419 869 422 872; x_wconf 69' lang='lat'><em>,</em></span> <span class='ocrx_word' id='word_1_35' title='bbox 464 811 689 875; x_wconf 63' lang='lat' dir='ltr'>sumptam,</span> <span class='ocrx_word' id='word_1_36' title='bbox 749 828 795 860; x_wconf 86' lang='lat' dir='ltr'>et</span> <span class='ocrx_word' id='word_1_37' title='bbox 831 827 1075 878; x_wconf 83' lang='lat' dir='ltr'>perperam</span> <span class='ocrx_word' id='word_1_38' title='bbox 1115 809 1476 873; x_wconf 84' lang='lat' dir='ltr'>Hippocraticis</span> <span class='ocrx_word' id='word_1_39' title='bbox 1523 807 1768 881; x_wconf 84' lang='lat' dir='ltr'>sententiis</span> 
     </span>
     <span class='ocr_line' id='line_1_8' title="bbox 464 881 1751 946; baseline -0.003 -14"><span class='ocrx_word' id='word_1_40' title='bbox 464 884 718 942; x_wconf 78' lang='lat' dir='ltr'>immixtas,</span> <span class='ocrx_word' id='word_1_41' title='bbox 736 886 870 934; x_wconf 83' lang='lat' dir='ltr'>fimul</span> <span class='ocrx_word' id='word_1_42' title='bbox 888 885 1078 933; x_wconf 86' lang='lat' dir='ltr'>tandem</span> <span class='ocrx_word' id='word_1_43' title='bbox 1097 884 1262 931; x_wconf 82' lang='lat' dir='ltr'>exinde</span> <span class='ocrx_word' id='word_1_44' title='bbox 1280 883 1323 930; x_wconf 85' lang='lat' dir='ltr'>in</span> <span class='ocrx_word' id='word_1_45' title='bbox 1341 883 1495 930; x_wconf 87' lang='lat' dir='ltr'>lucem</span> <span class='ocrx_word' id='word_1_46' title='bbox 1512 881 1751 946; x_wconf 79' lang='lat' dir='ltr'>prodiiffe.</span> 
     </span>
     <span class='ocr_line' id='line_1_9' title="bbox 465 948 1756 1022; baseline -0.002 -18"><span class='ocrx_word' id='word_1_47' title='bbox 465 948 768 1022; x_wconf 79' lang='lat' dir='ltr'>Qapropter</span> <span class='ocrx_word' id='word_1_48' title='bbox 800 977 856 1006; x_wconf 87' lang='lat' dir='ltr'>eo</span> <span class='ocrx_word' id='word_1_49' title='bbox 896 959 1042 1022; x_wconf 85' lang='lat' dir='ltr'>usque</span> <span class='ocrx_word' id='word_1_50' title='bbox 1085 956 1431 1021; x_wconf 85' lang='lat' dir='ltr'>Hippocratica</span> <span class='ocrx_word' id='word_1_51' title='bbox 1462 955 1599 1003; x_wconf 57' lang='lat' dir='ltr'>lec&#39;tio</span> <span class='ocrx_word' id='word_1_52' title='bbox 1641 970 1756 1002; x_wconf 87' lang='lat' dir='ltr'>con·</span> 
     </span>
     <span class='ocr_line' id='line_1_10' title="bbox 464 1029 1734 1090; baseline -0.002 -13"><span class='ocrx_word' id='word_1_53' title='bbox 464 1032 691 1078; x_wconf 84' lang='lat' dir='ltr'>taminata</span> <span class='ocrx_word' id='word_1_54' title='bbox 738 1033 815 1090; x_wconf 84' lang='lat' dir='ltr'>est,</span> <span class='ocrx_word' id='word_1_55' title='bbox 861 1047 915 1078; x_wconf 90' lang='lat' dir='ltr'>ut</span> <span class='ocrx_word' id='word_1_56' title='bbox 956 1033 987 1078; x_wconf 87' lang='lat' dir='ltr'>fi</span> <span class='ocrx_word' id='word_1_57' title='bbox 1027 1032 1064 1078; x_wconf 88' lang='lat' dir='ltr'>is</span> <span class='ocrx_word' id='word_1_58' title='bbox 1105 1032 1254 1077; x_wconf 87' lang='lat' dir='ltr'>modo</span> <span class='ocrx_word' id='word_1_59' title='bbox 1297 1029 1607 1085; x_wconf 84' lang='lat' dir='ltr'>revivisceret,</span> <span class='ocrx_word' id='word_1_60' title='bbox 1655 1029 1734 1075; x_wconf 85' lang='lat' dir='ltr'>vix</span> 
     </span>
     <span class='ocr_line' id='line_1_11' title="bbox 462 1101 1753 1167; baseline -0.002 -16"><span class='ocrx_word' id='word_1_61' title='bbox 462 1104 639 1151; x_wconf 84' lang='lat' dir='ltr'>suamet</span> <span class='ocrx_word' id='word_1_62' title='bbox 665 1105 708 1152; x_wconf 87' lang='lat' dir='ltr'>se</span> <span class='ocrx_word' id='word_1_63' title='bbox 733 1106 1078 1152; x_wconf 64' lang='lat' dir='ltr'>intellecturum</span> <span class='ocrx_word' id='word_1_64' title='bbox 1125 1103 1242 1162; x_wconf 86' lang='lat' dir='ltr'>fore,</span> <span class='ocrx_word' id='word_1_65' title='bbox 1278 1102 1465 1167; x_wconf 84' lang='lat' dir='ltr'>jamdiu</span> <span class='ocrx_word' id='word_1_66' title='bbox 1509 1120 1602 1150; x_wconf 88' lang='lat' dir='ltr'>non</span> <span class='ocrx_word' id='word_1_67' title='bbox 1655 1101 1753 1149; x_wconf 84' lang='lat' dir='ltr'>abs-</span> 
     </span>
     <span class='ocr_line' id='line_1_12' title="bbox 460 1177 1752 1241; baseline 0.002 -17"><span class='ocrx_word' id='word_1_68' title='bbox 460 1194 551 1241; x_wconf 86' lang='lat' dir='ltr'>que</span> <span class='ocrx_word' id='word_1_69' title='bbox 570 1178 776 1225; x_wconf 81' lang='lat' dir='ltr'>veritatis</span> <span class='ocrx_word' id='word_1_70' title='bbox 803 1179 952 1241; x_wconf 84' lang='lat' dir='ltr'>specie</span> <span class='ocrx_word' id='word_1_71' title='bbox 976 1179 1156 1226; x_wconf 65' lang='lat' dir='ltr'>dietum</span> <span class='ocrx_word' id='word_1_72' title='bbox 1197 1178 1470 1225; x_wconf 80' lang='lat' dir='ltr'>nonnullis’</span> <span class='ocrx_word' id='word_1_73' title='bbox 1516 1177 1752 1226; x_wconf 85' lang='lat' dir='ltr'>exciderit.</span> 
     </span>
     <span class='ocr_line' id='line_1_13' title="bbox 457 1252 1755 1316; baseline -0.002 -15"><span class='ocrx_word' id='word_1_74' title='bbox 457 1254 531 1301; x_wconf 85' lang='lat' dir='ltr'>Ea</span> <span class='ocrx_word' id='word_1_75' title='bbox 578 1269 736 1300; x_wconf 84' lang='lat' dir='ltr'>tamen</span> <span class='ocrx_word' id='word_1_76' title='bbox 784 1253 997 1299; x_wconf 85' lang='lat' dir='ltr'>locorum</span> <span class='ocrx_word' id='word_1_77' title='bbox 1046 1253 1299 1299; x_wconf 77' lang='lat' dir='ltr'>obscuritas</span> <span class='ocrx_word' id='word_1_78' title='bbox 1363 1252 1443 1298; x_wconf 85' lang='lat' dir='ltr'>vix</span> <span class='ocrx_word' id='word_1_79' title='bbox 1489 1252 1755 1316; x_wconf 77' lang='lat' dir='ltr'>quidquam</span> 
     </span>
     <span class='ocr_line' id='line_1_14' title="bbox 458 1324 1749 1391; baseline 0.003 -21"><span class='ocrx_word' id='word_1_80' title='bbox 458 1324 512 1371; x_wconf 90' lang='lat' dir='ltr'>iis</span> <span class='ocrx_word' id='word_1_81' title='bbox 574 1325 704 1372; x_wconf 81' lang='lat' dir='ltr'>libris</span> <span class='ocrx_word' id='word_1_82' title='bbox 768 1326 813 1373; x_wconf 88' lang='lat' dir='ltr'>in</span> <span class='ocrx_word' id='word_1_83' title='bbox 879 1327 1144 1373; x_wconf 86' lang='lat' dir='ltr'>universum</span> <span class='ocrx_word' id='word_1_84' title='bbox 1213 1324 1444 1373; x_wconf 81' lang='lat' dir='ltr'>detrahit:</span> <span class='ocrx_word' id='word_1_85' title='bbox 1533 1328 1749 1391; x_wconf 86' lang='lat' dir='ltr'>quando-</span> 
     </span>
    </p>
   </div>
   <div class='ocr_carea' id='block_1_3' title="bbox 458 1397 1749 1524">
    <p class='ocr_par' dir='ltr' id='par_1_3' title="bbox 458 1397 1749 1524">
     <span class='ocr_line' id='line_1_15' title="bbox 458 1397 1749 1465; baseline 0.002 -20"><span class='ocrx_word' id='word_1_86' title='bbox 458 1399 652 1463; x_wconf 83' lang='lat' dir='ltr'>quidem</span> <span class='ocrx_word' id='word_1_87' title='bbox 698 1417 941 1465; x_wconf 81' lang='lat' dir='ltr'>compares</span> <span class='ocrx_word' id='word_1_88' title='bbox 984 1400 1233 1463; x_wconf 71' lang='lat' dir='ltr'>:enigmate</span> <span class='ocrx_word' id='word_1_89' title='bbox 1274 1397 1502 1446; x_wconf 58' lang='lat' dir='ltr'>dictiones</span> <span class='ocrx_word' id='word_1_90' title='bbox 1550 1400 1749 1464; x_wconf 88' lang='lat' dir='ltr'>Hippo-</span> 
     </span>
     <span class='ocr_line' id='line_1_16' title="bbox 1607 1489 1746 1524; baseline 0.029 -4"><span class='ocrx_word' id='word_1_91' title='bbox 1607 1489 1746 1524; x_wconf 79' lang='lat' dir='ltr'>cratis</span> 
     </span>
    </p>
   </div>
   <div class='ocr_carea' id='block_1_4' title="bbox 442 1606 1802 1900">
    <p class='ocr_par' dir='ltr' id='par_1_4' title="bbox 442 1606 1802 1900">
     <span class='ocr_line' id='line_1_17' title="bbox 500 1606 1753 1660; baseline 0.002 -15"><span class='ocrx_word' id='word_1_92' title='bbox 500 1607 515 1629; x_wconf 83' lang='lat'><strong>⁸</strong></span> <span class='ocrx_word' id='word_1_93' title='bbox 545 1607 740 1657; x_wconf 82' lang='lat' dir='ltr'>Ejusmodi</span> <span class='ocrx_word' id='word_1_94' title='bbox 767 1610 882 1660; x_wconf 88' lang='lat' dir='ltr'>culpa</span> <span class='ocrx_word' id='word_1_95' title='bbox 899 1607 938 1646; x_wconf 89' lang='lat' dir='ltr'>in</span> <span class='ocrx_word' id='word_1_96' title='bbox 956 1609 1206 1646; x_wconf 82' lang='lat' dir='ltr'>Memnonem</span> <span class='ocrx_word' id='word_1_97' title='bbox 1226 1606 1400 1654; x_wconf 86' lang='lat' dir='ltr'>Siditam,</span> <span class='ocrx_word' id='word_1_98' title='bbox 1421 1607 1591 1645; x_wconf 83' lang='lat' dir='ltr'>dolosum</span> <span class='ocrx_word' id='word_1_99' title='bbox 1611 1607 1753 1656; x_wconf 87' lang='lat' dir='ltr'>virum,</span> 
     </span>
     <span class='ocr_line' id='line_1_18' title="bbox 444 1667 1802 1720; baseline 0.001 -15"><span class='ocrx_word' id='word_1_100' title='bbox 444 1667 628 1718; x_wconf 79' lang='lat' dir='ltr'>imprimis</span> <span class='ocrx_word' id='word_1_101' title='bbox 650 1669 762 1715; x_wconf 81' lang='lat' dir='ltr'>cadit,</span> <span class='ocrx_word' id='word_1_102' title='bbox 780 1669 848 1720; x_wconf 87' lang='lat' dir='ltr'>qui</span> <span class='ocrx_word' id='word_1_103' title='bbox 868 1668 998 1706; x_wconf 77' lang='lat' dir='ltr'>audita</span> <span class='ocrx_word' id='word_1_104' title='bbox 1019 1667 1214 1706; x_wconf 83' lang='lat' dir='ltr'>Ptolemaei</span> <span class='ocrx_word' id='word_1_105' title='bbox 1231 1667 1445 1717; x_wconf 85' lang='lat' dir='ltr'>Evergetis‚</span> <span class='ocrx_word' id='word_1_106' title='bbox 1468 1669 1531 1706; x_wconf 89' lang='lat' dir='ltr'>seu</span> <span class='ocrx_word' id='word_1_107' title='bbox 1547 1668 1653 1719; x_wconf 86' lang='lat' dir='ltr'>quod</span> <span class='ocrx_word' id='word_1_108' title='bbox 1671 1668 1755 1707; x_wconf 82' lang='lat' dir='ltr'>aliis</span> <span class='ocrx_word' id='word_1_109' title='bbox 1793 1706 1802 1711; x_wconf 77' lang='grc'><strong><em>,</em></strong></span> 
     </span>
     <span class='ocr_line' id='line_1_19' title="bbox 442 1727 1755 1780; baseline 0.002 -15"><span class='ocrx_word' id='word_1_110' title='bbox 442 1729 603 1778; x_wconf 71' lang='lat' dir='ltr'>placuit,</span> <span class='ocrx_word' id='word_1_111' title='bbox 622 1729 864 1779; x_wconf 85' lang='lat' dir='ltr'>Philadelphi</span> <span class='ocrx_word' id='word_1_112' title='bbox 882 1743 973 1780; x_wconf 83' lang='lat' dir='ltr'>erga</span> <span class='ocrx_word' id='word_1_113' title='bbox 992 1729 1251 1778; x_wconf 76' lang='lat' dir='ltr'>autographus</span> <span class='ocrx_word' id='word_1_114' title='bbox 1268 1727 1456 1778; x_wconf 80' lang='lat' dir='ltr'>AEschyli,</span> <span class='ocrx_word' id='word_1_115' title='bbox 1475 1727 1697 1779; x_wconf 81' lang='lat' dir='ltr'>Sophoclis,</span> <span class='ocrx_word' id='word_1_116' title='bbox 1717 1741 1755 1768; x_wconf 92' lang='lat' dir='ltr'>et</span> 
     </span>
     <span class='ocr_line' id='line_1_20' title="bbox 446 1787 1753 1841; baseline 0.003 -17"><span class='ocrx_word' id='word_1_117' title='bbox 446 1787 651 1839; x_wconf 82' lang='lat' dir='ltr'>Euripidis,</span> <span class='ocrx_word' id='word_1_118' title='bbox 683 1790 914 1841; x_wconf 67' lang='lat' dir='ltr'>caeterosque</span> <span class='ocrx_word' id='word_1_119' title='bbox 943 1787 1197 1826; x_wconf 78' lang='lat' dir='ltr'>aestimatiores</span> <span class='ocrx_word' id='word_1_120' title='bbox 1235 1787 1382 1824; x_wconf 80' lang='lat' dir='ltr'>codices</span> <span class='ocrx_word' id='word_1_121' title='bbox 1403 1789 1616 1836; x_wconf 77' lang='lat' dir='ltr'>voluntate,</span> <span class='ocrx_word' id='word_1_122' title='bbox 1655 1790 1753 1841; x_wconf 84' lang='lat' dir='ltr'>Hip-</span> 
     </span>
     <span class='ocr_line' id='line_1_21' title="bbox 443 1846 1750 1900; baseline 0.002 -15"><span class='ocrx_word' id='word_1_123' title='bbox 443 1848 609 1898; x_wconf 85' lang='lat' dir='ltr'>pocratis</span> <span class='ocrx_word' id='word_1_124' title='bbox 647 1849 761 1887; x_wconf 86' lang='lat' dir='ltr'>etiam</span> <span class='ocrx_word' id='word_1_125' title='bbox 799 1849 932 1896; x_wconf 83' lang='lat' dir='ltr'>libros,</span> <span class='ocrx_word' id='word_1_126' title='bbox 971 1848 1151 1886; x_wconf 80' lang='lat' dir='ltr'>mendoso</span> <span class='ocrx_word' id='word_1_127' title='bbox 1185 1846 1292 1897; x_wconf 84' lang='lat' dir='ltr'>prius</span> <span class='ocrx_word' id='word_1_128' title='bbox 1330 1847 1493 1885; x_wconf 64' lang='lat' dir='ltr'>cc-nfie&#39;to</span> <span class='ocrx_word' id='word_1_129' title='bbox 1526 1849 1750 1900; x_wconf 84' lang='lat' dir='ltr'>exemplari,</span> 
     </span>
    </p>
   </div>
   <div class='ocr_carea' id='block_1_5' title="bbox 440 1906 1816 1960">
    <p class='ocr_par' dir='ltr' id='par_1_5' title="bbox 440 1906 1816 1960">
     <span class='ocr_line' id='line_1_22' title="bbox 440 1906 1816 1960; baseline 0.004 -17"><span class='ocrx_word' id='word_1_130' title='bbox 440 1907 713 1946; x_wconf 77' lang='lat' dir='ltr'>Alexandrinis</span> <span class='ocrx_word' id='word_1_131' title='bbox 752 1908 927 1959; x_wconf 82' lang='lat' dir='ltr'>Regibus</span> <span class='ocrx_word' id='word_1_132' title='bbox 963 1907 1138 1946; x_wconf 69' lang='lat' dir='ltr'>obtuliss‘e</span> <span class='ocrx_word' id='word_1_133' title='bbox 1175 1906 1328 1954; x_wconf 86' lang='lat' dir='ltr'>dicitur,</span> <span class='ocrx_word' id='word_1_134' title='bbox 1358 1921 1437 1959; x_wconf 85' lang='lat' dir='ltr'>quo</span> <span class='ocrx_word' id='word_1_135' title='bbox 1474 1907 1655 1960; x_wconf 82' lang='lat' dir='ltr'>pinguius</span> <span class='ocrx_word' id='word_1_136' title='bbox 1686 1924 1751 1948; x_wconf 89' lang='lat' dir='ltr'>eos</span> <span class='ocrx_word' id='word_1_137' title='bbox 1811 1932 1816 1941; x_wconf 61' lang='lat' dir='ltr'>r</span> 
     </span>
    </p>
   </div>
   <div class='ocr_carea' id='block_1_6' title="bbox 433 1967 1752 2856">
    <p class='ocr_par' dir='ltr' id='par_1_6' title="bbox 435 1967 1752 2617">
     <span class='ocr_line' id='line_1_23' title="bbox 440 1967 1748 2020; baseline 0.005 -16"><span class='ocrx_word' id='word_1_138' title='bbox 440 1979 601 2018; x_wconf 80' lang='lat' dir='ltr'>argento</span> <span class='ocrx_word' id='word_1_139' title='bbox 625 1980 892 2020; x_wconf 76' lang='lat' dir='ltr'>emungerent.</span> <span class='ocrx_word' id='word_1_140' title='bbox 964 1970 1096 2008; x_wconf 86' lang='lat' dir='ltr'>Tanto</span> <span class='ocrx_word' id='word_1_141' title='bbox 1123 1967 1262 2006; x_wconf 84' lang='lat' dir='ltr'>etenim</span> <span class='ocrx_word' id='word_1_142' title='bbox 1295 1967 1320 2005; x_wconf 89' lang='lat' dir='ltr'>ii</span> <span class='ocrx_word' id='word_1_143' title='bbox 1351 1981 1479 2006; x_wconf 81' lang='lat' dir='ltr'>amore</span> <span class='ocrx_word' id='word_1_144' title='bbox 1505 1969 1748 2010; x_wconf 86' lang='lat' dir='ltr'>scientiarum</span> 
     </span>
     <span class='ocr_line' id='line_1_24' title="bbox 441 2026 1752 2080; baseline 0.004 -16"><span class='ocrx_word' id='word_1_145' title='bbox 441 2026 679 2075; x_wconf 81' lang='lat' dir='ltr'>ferebantur,</span> <span class='ocrx_word' id='word_1_146' title='bbox 713 2038 755 2065; x_wconf 88' lang='lat' dir='ltr'>ut</span> <span class='ocrx_word' id='word_1_147' title='bbox 782 2027 1041 2077; x_wconf 80' lang='lat' dir='ltr'>Tragicorum</span> <span class='ocrx_word' id='word_1_148' title='bbox 1074 2041 1171 2078; x_wconf 88' lang='lat' dir='ltr'>quos</span> <span class='ocrx_word' id='word_1_149' title='bbox 1203 2027 1486 2064; x_wconf 85' lang='lat' dir='ltr'>nominavimus</span> <span class='ocrx_word' id='word_1_150' title='bbox 1517 2030 1752 2080; x_wconf 75' lang='lat' dir='ltr'>exemplaria</span> 
     </span>
     <span class='ocr_line' id='line_1_25' title="bbox 440 2086 1750 2138; baseline 0.004 -15"><span class='ocrx_word' id='word_1_151' title='bbox 440 2086 508 2124; x_wconf 81' lang='lat' dir='ltr'>fibi</span> <span class='ocrx_word' id='word_1_152' title='bbox 527 2086 747 2138; x_wconf 87' lang='lat' dir='ltr'>quindecim</span> <span class='ocrx_word' id='word_1_153' title='bbox 762 2090 995 2125; x_wconf 81' lang='lat' dir='ltr'>talentorum</span> <span class='ocrx_word' id='word_1_154' title='bbox 1009 2086 1133 2138; x_wconf 88' lang='lat' dir='ltr'>pretio</span> <span class='ocrx_word' id='word_1_155' title='bbox 1147 2086 1193 2123; x_wconf 81' lang='lat' dir='ltr'>ab</span> <span class='ocrx_word' id='word_1_156' title='bbox 1203 2086 1498 2125; x_wconf 80' lang='lat' dir='ltr'>Athenienfibus</span> <span class='ocrx_word' id='word_1_157' title='bbox 1518 2090 1750 2128; x_wconf 85' lang='lat' dir='ltr'>commodari</span> 
     </span>
     <span class='ocr_line' id='line_1_26' title="bbox 441 2144 1750 2198; baseline 0.005 -16"><span class='ocrx_word' id='word_1_158' title='bbox 441 2144 747 2196; x_wconf 78' lang='lat' dir='ltr'>impetraverint.</span> <span class='ocrx_word' id='word_1_159' title='bbox 803 2149 975 2198; x_wconf 83' lang='lat' dir='ltr'>Apparet</span> <span class='ocrx_word' id='word_1_160' title='bbox 1003 2147 1115 2185; x_wconf 85' lang='lat' dir='ltr'>etiam</span> <span class='ocrx_word' id='word_1_161' title='bbox 1135 2161 1181 2184; x_wconf 77' lang='lat' dir='ltr'>ex</span> <span class='ocrx_word' id='word_1_162' title='bbox 1210 2146 1354 2184; x_wconf 73' lang='lat' dir='ltr'>Galerii</span> <span class='ocrx_word' id='word_1_163' title='bbox 1374 2147 1589 2186; x_wconf 82' lang='lat' dir='ltr'>narratione</span> <span class='ocrx_word' id='word_1_164' title='bbox 1608 2147 1647 2186; x_wconf 90' lang='lat' dir='ltr'>in</span> <span class='ocrx_word' id='word_1_165' title='bbox 1659 2149 1750 2188; x_wconf 87' lang='lat' dir='ltr'>Lib.</span> 
     </span>
     <span class='ocr_line' id='line_1_27' title="bbox 438 2204 1748 2257; baseline 0.003 -16"><span class='ocrx_word' id='word_1_166' title='bbox 438 2207 478 2242; x_wconf 80' lang='lat' dir='ltr'>de</span> <span class='ocrx_word' id='word_1_167' title='bbox 513 2206 668 2245; x_wconf 83' lang='lat' dir='ltr'>Humor.</span> <span class='ocrx_word' id='word_1_168' title='bbox 690 2206 957 2254; x_wconf 73' lang='lat' dir='ltr'>Pergamenoe,</span> <span class='ocrx_word' id='word_1_169' title='bbox 997 2204 1360 2257; x_wconf 77' lang='lat' dir='ltr'>Alexandrinosque</span> <span class='ocrx_word' id='word_1_170' title='bbox 1398 2205 1525 2255; x_wconf 80' lang='lat' dir='ltr'>Reges</span> <span class='ocrx_word' id='word_1_171' title='bbox 1555 2206 1748 2245; x_wconf 82' lang='lat' dir='ltr'>certaviffe</span> 
     </span>
     <span class='ocr_line' id='line_1_28' title="bbox 440 2264 1749 2316; baseline 0.003 -16"><span class='ocrx_word' id='word_1_172' title='bbox 440 2264 651 2315; x_wconf 80' lang='lat' dir='ltr'>aliquando</span> <span class='ocrx_word' id='word_1_173' title='bbox 696 2266 796 2303; x_wconf 79' lang='lat' dir='ltr'>inter</span> <span class='ocrx_word' id='word_1_174' title='bbox 833 2267 882 2312; x_wconf 87' lang='lat' dir='ltr'>se,</span> <span class='ocrx_word' id='word_1_175' title='bbox 930 2266 1006 2303; x_wconf 88' lang='lat' dir='ltr'>utri</span> <span class='ocrx_word' id='word_1_176' title='bbox 1041 2279 1173 2302; x_wconf 82' lang='lat' dir='ltr'>eorum</span> <span class='ocrx_word' id='word_1_177' title='bbox 1221 2278 1308 2316; x_wconf 84' lang='lat' dir='ltr'>quae</span> <span class='ocrx_word' id='word_1_178' title='bbox 1351 2265 1489 2302; x_wconf 84' lang='lat' dir='ltr'>artium</span> <span class='ocrx_word' id='word_1_179' title='bbox 1527 2275 1563 2302; x_wconf 89' lang='lat' dir='ltr'>et</span> <span class='ocrx_word' id='word_1_180' title='bbox 1599 2265 1749 2304; x_wconf 86' lang='lat' dir='ltr'>scienti·</span> 
     </span>
     <span class='ocr_line' id='line_1_29' title="bbox 438 2325 1746 2378; baseline 0.004 -17"><span class='ocrx_word' id='word_1_181' title='bbox 438 2339 546 2361; x_wconf 80' lang='lat' dir='ltr'>arum</span> <span class='ocrx_word' id='word_1_182' title='bbox 566 2326 819 2375; x_wconf 79' lang='lat' dir='ltr'>pretiofissima</span> <span class='ocrx_word' id='word_1_183' title='bbox 838 2328 952 2365; x_wconf 74' lang='lat' dir='ltr'>essent</span> <span class='ocrx_word' id='word_1_184' title='bbox 971 2337 1231 2372; x_wconf 86' lang='lat' dir='ltr'>monumenta,</span> <span class='ocrx_word' id='word_1_185' title='bbox 1253 2325 1498 2375; x_wconf 80' lang='lat' dir='ltr'>poffiderent:</span> <span class='ocrx_word' id='word_1_186' title='bbox 1534 2340 1582 2363; x_wconf 77' lang='lat' dir='ltr'>ex</span> <span class='ocrx_word' id='word_1_187' title='bbox 1602 2327 1746 2378; x_wconf 74' lang='lat' dir='ltr'>quibus</span> 
     </span>
     <span class='ocr_line' id='line_1_30' title="bbox 439 2384 1744 2435; baseline 0.005 -16"><span class='ocrx_word' id='word_1_188' title='bbox 439 2384 580 2421; x_wconf 47' lang='lat' dir='ltr'>facium</span> <span class='ocrx_word' id='word_1_189' title='bbox 594 2384 654 2431; x_wconf 80' lang='lat' dir='ltr'>est,</span> <span class='ocrx_word' id='word_1_190' title='bbox 682 2396 723 2423; x_wconf 87' lang='lat' dir='ltr'>ut</span> <span class='ocrx_word' id='word_1_191' title='bbox 737 2385 892 2423; x_wconf 84' lang='lat' dir='ltr'>Notarii</span> <span class='ocrx_word' id='word_1_192' title='bbox 911 2397 947 2424; x_wconf 89' lang='lat' dir='ltr'>et</span> <span class='ocrx_word' id='word_1_193' title='bbox 966 2386 1107 2428; x_wconf 81' lang='lat' dir='ltr'>Scribae</span> <span class='ocrx_word' id='word_1_194' title='bbox 1127 2385 1402 2435; x_wconf 78' lang='lat' dir='ltr'>inscriptiones,</span> <span class='ocrx_word' id='word_1_195' title='bbox 1432 2396 1469 2422; x_wconf 91' lang='lat' dir='ltr'>et</span> <span class='ocrx_word' id='word_1_196' title='bbox 1489 2385 1744 2425; x_wconf 64' lang='lat' dir='ltr'>confectiones</span> 
     </span>
     <span class='ocr_line' id='line_1_31' title="bbox 436 2445 1742 2499; baseline 0.004 -18"><span class='ocrx_word' id='word_1_197' title='bbox 436 2446 623 2482; x_wconf 69' lang='lat' dir='ltr'>librorum</span> <span class='ocrx_word' id='word_1_198' title='bbox 667 2446 840 2496; x_wconf 86' lang='lat' dir='ltr'>turpiter,</span> <span class='ocrx_word' id='word_1_199' title='bbox 868 2447 1031 2499; x_wconf 76' lang='lat' dir='ltr'>quaestus</span> <span class='ocrx_word' id='word_1_200' title='bbox 1075 2447 1227 2496; x_wconf 82' lang='lat' dir='ltr'>majoris</span> <span class='ocrx_word' id='word_1_201' title='bbox 1274 2446 1409 2496; x_wconf 76' lang='lat' dir='ltr'>gratia,</span> <span class='ocrx_word' id='word_1_202' title='bbox 1459 2445 1742 2498; x_wconf 75' lang='lat' dir='ltr'>depravarent:</span> 
     </span>
     <span class='ocr_line' id='line_1_32' title="bbox 437 2506 1744 2556; baseline 0.005 -15"><span class='ocrx_word' id='word_1_203' title='bbox 437 2506 541 2556; x_wconf 83' lang='lat' dir='ltr'>quod</span> <span class='ocrx_word' id='word_1_204' title='bbox 578 2506 618 2543; x_wconf 86' lang='lat' dir='ltr'>in</span> <span class='ocrx_word' id='word_1_205' title='bbox 651 2506 741 2544; x_wconf 68' lang='lat' dir='ltr'>Lib-</span> <span class='ocrx_word' id='word_1_206' title='bbox 765 2510 826 2545; x_wconf 90' lang='lat' dir='ltr'>De</span> <span class='ocrx_word' id='word_1_207' title='bbox 852 2510 944 2546; x_wconf 82' lang='lat' dir='ltr'>Nat.</span> <span class='ocrx_word' id='word_1_208' title='bbox 978 2509 1089 2545; x_wconf 83' lang='lat' dir='ltr'>Hum.</span> <span class='ocrx_word' id='word_1_209' title='bbox 1123 2519 1160 2544; x_wconf 85' lang='lat' dir='ltr'>ct</span> <span class='ocrx_word' id='word_1_210' title='bbox 1188 2510 1248 2545; x_wconf 77' lang='lat' dir='ltr'>Dc</span> <span class='ocrx_word' id='word_1_211' title='bbox 1280 2510 1372 2545; x_wconf 77' lang='lat' dir='ltr'>Rat.</span> <span class='ocrx_word' id='word_1_212' title='bbox 1404 2509 1529 2545; x_wconf 62' lang='lat' dir='ltr'>Via-&#39;ius</span> <span class='ocrx_word' id='word_1_213' title='bbox 1551 2513 1587 2545; x_wconf 83' lang='lat' dir='ltr'>in</span> <span class='ocrx_word' id='word_1_214' title='bbox 1601 2510 1744 2555; x_wconf 66' lang='lat' dir='ltr'>Amatis,</span> 
     </span>
     <span class='ocr_line' id='line_1_33' title="bbox 435 2565 1741 2617; baseline 0.002 -14"><span class='ocrx_word' id='word_1_215' title='bbox 435 2565 590 2616; x_wconf 67' lang='lat' dir='ltr'>aliisque</span> <span class='ocrx_word' id='word_1_216' title='bbox 611 2566 765 2615; x_wconf 85' lang='lat' dir='ltr'>proprio</span> <span class='ocrx_word' id='word_1_217' title='bbox 788 2566 875 2615; x_wconf 86' lang='lat' dir='ltr'>jure</span> <span class='ocrx_word' id='word_1_218' title='bbox 912 2568 958 2605; x_wconf 79' lang='lat' dir='ltr'>ad</span> <span class='ocrx_word' id='word_1_219' title='bbox 978 2567 1254 2617; x_wconf 71' lang='lat' dir='ltr'>Hippocratem</span> <span class='ocrx_word' id='word_1_220' title='bbox 1274 2566 1552 2617; x_wconf 82' lang='lat' dir='ltr'>pertinentibus</span> <span class='ocrx_word' id='word_1_221' title='bbox 1571 2567 1741 2606; x_wconf 73' lang='lat' dir='ltr'>accidisse</span> 
     </span>
    </p>

    <p class='ocr_par' dir='ltr' id='par_1_7' title="bbox 433 2625 1738 2856">
     <span class='ocr_line' id='line_1_34' title="bbox 433 2625 856 2675; baseline 0.005 -13"><span class='ocrx_word' id='word_1_222' title='bbox 433 2628 609 2663; x_wconf 64' lang='lat' dir='ltr'>(iaie-nus</span> <span class='ocrx_word' id='word_1_223' title='bbox 631 2625 856 2675; x_wconf 72' lang='lat' dir='ltr'>suspicatur.</span> 
     </span>
     <span class='ocr_line' id='line_1_35' title="bbox 500 2685 1736 2737; baseline 0.004 -16"><span class='ocrx_word' id='word_1_224' title='bbox 500 2685 761 2731; x_wconf 77' lang='lat' dir='ltr'>⁹])olendum‚</span> <span class='ocrx_word' id='word_1_225' title='bbox 784 2688 987 2731; x_wconf 76' lang='lat' dir='ltr'>mehercle,</span> <span class='ocrx_word' id='word_1_226' title='bbox 1024 2701 1100 2725; x_wconf 86' lang='lat' dir='ltr'>non</span> <span class='ocrx_word' id='word_1_227' title='bbox 1139 2686 1264 2724; x_wconf 71' lang='lat' dir='ltr'>adhuc</span> <span class='ocrx_word' id='word_1_228' title='bbox 1302 2687 1385 2725; x_wconf 84' lang='lat' dir='ltr'>satis</span> <span class='ocrx_word' id='word_1_229' title='bbox 1413 2686 1459 2725; x_wconf 85' lang='lat' dir='ltr'>de</span> <span class='ocrx_word' id='word_1_230' title='bbox 1496 2686 1736 2737; x_wconf 86' lang='lat' dir='ltr'>Hippocrate</span> 
     </span>
     <span class='ocr_line' id='line_1_36' title="bbox 433 2748 1738 2799; baseline 0.003 -17"><span class='ocrx_word' id='word_1_231' title='bbox 433 2748 644 2785; x_wconf 50' lang='lat' dir='ltr'>mnf-ultum</span> <span class='ocrx_word' id='word_1_232' title='bbox 682 2749 765 2795; x_wconf 58' lang='lat' dir='ltr'>etse,</span> <span class='ocrx_word' id='word_1_233' title='bbox 798 2748 1022 2786; x_wconf 52' lang='lat' dir='ltr'>[eximendis</span> <span class='ocrx_word' id='word_1_234' title='bbox 1056 2759 1307 2798; x_wconf 74' lang='lat' dir='ltr'>expurgatam</span> <span class='ocrx_word' id='word_1_235' title='bbox 1347 2749 1428 2799; x_wconf 64' lang='lat' dir='ltr'>ejus</span> <span class='ocrx_word' id='word_1_236' title='bbox 1466 2760 1626 2799; x_wconf 86' lang='lat' dir='ltr'>operum</span> <span class='ocrx_word' id='word_1_237' title='bbox 1661 2749 1738 2786; x_wconf 83' lang='lat' dir='ltr'>edi-</span> 
     </span>
     <span class='ocr_line' id='line_1_37' title="bbox 1580 2808 1735 2856; baseline 0 -10"><span class='ocrx_word' id='word_1_238' title='bbox 1580 2808 1735 2856; x_wconf 79' lang='lat' dir='ltr'>tionem,</span> 
     </span>
    </p>
   </div>
  </div>
 </body>
</html>
