1975 3343
429 266 799 318 AEGROT.
857 263 972 312 ET
1036 262 1235 311 SAN.
1438 276 1466 325 9

188 391 245 438 tis
277 388 370 437 suae
394 388 550 452 genio,
592 388 722 453 quod
754 383 974 432 omnibus
995 394 1250 430 commune
1265 378 1344 435 est,
1386 379 1470 426 ali-

186 461 302 526 quid
343 463 573 520 litantem,
629 460 816 527 egregia
868 456 966 520 ejus
1023 456 1189 520 scripta
1249 454 1470 518 probant.

148 536 149 539 ’
185 534 412 584 Plurimae
431 550 586 585 tamen
612 537 778 584 exinde
797 534 914 580 inter
936 531 1144 579 medicos
1159 528 1472 582 dissentiones,

184 611 379 676 litesque
403 614 556 660 adhuc
589 614 752 660 multae
792 608 873 655 sub
896 607 1072 671 judice.
1142 608 1322 654 Verum
1346 603 1476 651 enim

185 701 281 748 qua
312 685 492 733 ratione
531 684 756 750 ejusmodi
798 681 1037 738 circuitus,
1083 692 1131 726 et
1170 679 1474 743 periodorum

186 760 549 823 praestantiffima
573 779 642 819 ea,
677 773 820 824 quam
847 756 1026 804 Crisern
1067 756 1245 819 signato
1283 756 1477 803 nomine

188 833 509 898 Hippocrates
535 836 732 890 dixerat,
770 832 818 878 in
844 831 1023 878 morbis
1058 831 1342 887 obtinerent,
1385 829 1476 876 dis-

185 908 340 969 putari
367 923 582 973 coeptum
602 909 692 956 est:
731 907 894 953 fierent
919 921 975 951 ne
1001 904 1046 951 in
1065 903 1256 967 lingulis
1275 903 1475 950 morbis:

187 994 307 1025 anne
331 981 540 1028 medicos
565 981 640 1028 die
669 978 831 1027 critico
861 977 1164 1041 impendente
1200 977 1334 1025 otiari
1357 992 1478 1041 prae-
1543 998 1545 1001 ·

188 1050 324 1098 staret
364 1053 410 1099 in
456 1068 633 1101 naturae
664 1053 1061 1119 contemplatione
1096 1063 1252 1098 totos:
1301 1066 1357 1095 an
1384 1065 1478 1095 non

192 1124 402 1172 similiter
447 1128 626 1190 ubique
667 1129 887 1176 locorum
927 1126 1208 1180 obtinerent,
1262 1123 1480 1187 statisque

192 1198 378 1257 diebus,
414 1213 459 1246 et
501 1201 730 1248 consimili
752 1201 934 1256 ordine,
982 1213 1120 1263 atque
1158 1198 1480 1261 Hippocrates

194 1270 392 1327 dixerat,
421 1274 574 1320 adhuc
592 1275 707 1320 dum
729 1274 998 1320 evenirent:
1039 1275 1115 1318 De
1139 1271 1311 1334 quibus
1325 1271 1482 1317 omni-

195 1344 283 1390 bus
307 1343 575 1408 singulatim
601 1345 681 1393 suo
704 1345 812 1393 loco
836 1345 991 1392 dicere
1011 1344 1214 1408 expedit.

596 1579 636 1625 C
703 1580 751 1624 A
818 1578 875 1626 P.
1010 1579 1079 1626 ΙΙ.

196 1726 268 1772 De
305 1725 517 1789 potiffima
579 1729 625 1774 in
671 1727 850 1774 Morbis
896 1726 1097 1784 Periodo,
1155 1742 1284 1789 quam
1333 1726 1484 1789 Crssm

654 1803 803 1849 Graece
835 1801 1037 1848 dicimus.

207 1951 247 1980 1.
418 1936 520 1982 ST
583 1951 720 1998 porro
772 1948 1045 1982 caeterarum
1098 1949 1487 1997 quarumcunque

429 2009 630 2056 maxime
656 2009 956 2056 observabilis
982 2010 1028 2055 in
1047 2009 1220 2056 morbis
1245 2008 1484 2072 periodus,

202 2095 345 2143 quam
363 2081 530 2129 Crifim
566 2099 675 2129 cum
715 2084 896 2131 Graecis
937 2083 1263 2129 nominamus:
1315 2099 1486 2146 quam-

201 2156 364 2200 obrem
390 2154 472 2202 sub
516 2155 615 2218 ipso
657 2157 840 2203 dicendi
882 2157 1044 2204 limine
1069 2157 1184 2220 quid
1209 2155 1374 2203 criseos
1398 2174 1487 2204 no-

202 2227 327 2275 mine
366 2231 552 2291 proprie
589 2230 761 2286 veniat,
810 2230 996 2294 ipseque
1023 2230 1342 2294 Hippocrates
1381 2245 1489 2279 ante

204 2300 316 2347 alios
360 2302 662 2361 intellexerit,
703 2304 898 2351 definire
922 2305 1098 2351 necesse
1140 2303 1234 2351 est:
1289 2304 1491 2353 arbitror

203 2376 331 2422 enim
362 2391 518 2425 natam
544 2381 602 2427 de
643 2379 831 2426 nomine
852 2380 984 2426 litem
1019 2378 1310 2426 obscuritatis
1341 2380 1489 2444 pluri-

207 2465 340 2497 mum
366 2451 581 2501 universo
607 2453 742 2518 hujus
769 2454 832 2500 rei
872 2452 1074 2517 subjecto
1115 2453 1336 2501 tribuiffe.
1454 2449 1457 2453 ’

277 2613 320 2646 2.
360 2599 578 2667 Princeps
618 2603 664 2650 in
705 2601 838 2667 hujus
877 2603 1073 2650 nominis
1099 2604 1368 2651 definitione
1392 2605 1490 2651 Ga-

209 2674 340 2720 lenus
382 2678 583 2738 plurima
622 2679 679 2726 de
721 2678 883 2725 criseos
930 2678 1267 2741 significatione
1300 2678 1410 2724 scite
1448 2688 1492 2723 et

974 2744 982 2751 ’
1310 2750 1491 2797 erudite
