1932 3319
337 250 745 303 AEGRoT.
818 247 946 296 ET
1016 248 1234 298 SAN.
1346 258 1440 312 175

157 388 204 436 in
243 385 497 436 vulneratis
545 384 707 448 sponte
747 381 929 430 moveri
959 378 1097 437 vidit,
1138 379 1449 441 ulcerumque

157 459 510 524 repurgationes
553 459 639 506 rite
673 473 784 504 cum
808 454 948 501 urinis
963 451 1160 500 conferri
1179 449 1447 515 poffejudi-

155 534 284 582 cavit
301 557 315 589 ς
358 535 516 581 ulcera
541 548 744 595 namque
788 529 819 576 fi
855 528 1148 593 repurgando
1170 542 1258 590 pus
1285 524 1448 571 album

156 605 388 672 rejiciant,
425 607 621 655 celerem
666 604 953 652 curationem
973 602 1285 655 denunciant3
1328 614 1444 645 con-

154 691 228 726 tra
250 695 378 736 vero,
430 678 461 726 fi
495 678 720 727 saniosum
745 675 960 724 emittant
990 676 1200 733 laticem,
1240 673 1451 736 maligna.

156 753 381 799 evadunt.

222 912 269 961 5.
305 897 415 946 Rite
441 897 582 961 igitur
611 914 810 961 magnus
846 896 926 944 ille
950 898 1212 944 Anatomes
1253 905 1301 942 et
1333 893 1452 942 Chi-

157 971 328 1034 rurgiae
351 970 621 1018 restaurator
637 971 940 1033 Berengarius
959 969 1006 1015 in
1031 980 1300 1031 opportuno
1326 980 1451 1014 tem-

157 1046 285 1108 poris
309 1044 508 1100 delectu,
542 1060 637 1107 quo
663 1043 918 1106 Chirurgus
947 1042 1004 1087 ad
1028 1040 1321 1105 operandum
1347 1055 1451 1085 ma-

162 1135 247 1166 nus
296 1119 518 1174 conferat,
582 1115 837 1163 maximam
879 1115 971 1178 spei
1017 1128 1200 1177 partem
1247 1113 1454 1159 locatam

160 1192 249 1239 effe
283 1191 402 1238 dixit
417 1194 452 1238 ².
552 1186 978 1253 Ante'Septimam
1017 1201 1257 1250 propterea
1292 1186 1452 1232 aestivo

169 1280 399 1330 tempore,
443 1279 550 1312 ante
598 1266 829 1329 Qartam
875 1262 1109 1308 decimam
1154 1277 1285 1319 vero,
1344 1276 1454 1306 ver-

156 1353 296 1401 gente
321 1339 490 1393 hieme,
545 1353 640 1400 quo
686 1336 893 1400 primum
938 1333 1098 1397 gravia
1139 1333 1198 1379 ab
1245 1332 1455 1395 impacto

164 1412 316 1474 capite
363 1411 663 1472 limptomata
718 1421 969 1472 apparent,.
1014 1422 1065 1452 os
1121 1405 1326 1452 amoveri
1371 1420 1453 1451 ne·

164 1481 282 1528 ceffe
321 1479 400 1533 est,
455 1475 584 1541 qhod
610 1478 815 1524 maxime
848 1476 928 1523 sub
953 1477 1023 1524 his
1057 1476 1223 1524 diebus
1247 1487 1284 1536 ³,
1318 1475 1455 1540 juxta

164 1553 495 1617 tempestatum
523 1551 870 1607 viciffitudine5‚
910 1551 1117 1597 laethales
1157 1551 1310 1597 morbi
1336 1568 1454 1599 con-

164 1629 394 1673 versiones
419 1624 700 1672 succedant:
749 1640 855 1687 quae
878 1636 1036 1671 tamen
1075 1623 1122 1668 in
1159 1625 1346 1686 longius
1371 1625 1455 1671 ali-

164 1703 350 1768 quando
374 1715 560 1765 tempus
600 1700 925 1756 distrahuntur,
968 1698 1114 1747 veluti
1154 1699 1200 1746 in
1239 1701 1456 1764 Qadra-

1211 1774 1456 1837 gesimam,

209 1923 227 1942 ²
255 1919 348 1958 Veni
359 1921 472 1971 igitur
490 1918 613 1955 sanae
629 1917 793 1969 Spiritus,
831 1925 863 1953 et
889 1917 1051 1953 illumina
1082 1928 1148 1951 non
1177 1917 1290 1952 minus
1315 1913 1468 1963 nostram

158 1990 299 2018 mentem
323 1993 427 2030 quam
451 1979 666 2016 audientium
694 1978 746 2013 ad
773 1976 853 2013 bene
883 1986 916 2014 et
943 1975 1055 2013 lucide
1076 1976 1267 2021 dicendum,
1298 1975 1376 2014 &a
1428 1978 1469 2013 Si

159 2052 275 2078 autem
293 2043 432 2091 operari
451 2049 489 2075 ut
525 2040 732 2088 requiritur,
747 2037 887 2087 fiilicet
903 2035 1014 2072 debito
1033 2035 1165 2080 ordine,
1199 2036 1305 2081 modo,
1338 2045 1369 2071 et
1384 2045 1467 2072 tem-

154 2111 240 2153 pore
252 2102 443 2149 contingat,
475 2097 528 2133 ad
544 2095 703 2134 ‘Tartara
710 2095 794 2146 jam
820 2094 985 2144 destinati
1002 2105 1214 2132 revocantur
1234 2095 1287 2131 ad
1309 2096 1467 2147 Superos,

159 2170 195 2197 et
208 2159 264 2196 hic
278 2159 344 2195 loci
361 2171 424 2194 non
439 2159 670 2194 inveniuntur
697 2156 927 2207 Januenstum
945 2169 1061 2206 nugae,
1082 2154 1256 2205 fimulque
1282 2170 1384 2206 neque
1401 2156 1470 2192 ali-

161 2232 262 2256 erum
289 2232 315 2255 a
341 2220 409 2255 via
426 2217 684 2268 Iitppocratica
708 2216 927 2253 deviantium
945 2214 1154 2267 jadantiae.
1218 2217 1308 2268 Cap.
1330 2229 1398 2252 xx.
1427 2216 1469 2253 de

166 2277 285 2316 Frad.
304 2277 416 2313 Cran.

216 2346 232 2369 3
261 2334 444 2373 Similiter
475 2334 588 2372 etiam
619 2333 808 2372 calidioris
841 2333 917 2373 loci
947 2332 1098 2380 incolae,
1130 2333 1216 2383 plus
1236 2334 1282 2371 ab
1304 2333 1468 2386 impac'io

162 2392 287 2446 capite
305 2393 582 2444 periclitantur,
597 2392 716 2445 'quam
735 2393 804 2445 qui
822 2404 1043 2444 temperato,
1064 2402 1128 2430 aut
1143 2392 1282 2443 frigido
1293 2393 1357 2432 sub
1370 2395 1473 2445 Jove

165 2453 331 2492 vivunt:
371 2467 531 2504 eamque
564 2453 613 2490 ob
644 2454 795 2491 causam
828 2454 945 2491 Italos
982 2453 1069 2504 plus
1100 2466 1216 2503 quam
1252 2453 1469 2491 Germanos

166 2517 242 2555 hoc
258 2515 379 2552 morbi
399 2528 536 2565 genere
556 2514 710 2552 interire
740 2515 878 2552 citatus
909 2515 1039 2552 audior
1059 2514 1246 2565 judicavit
1265 2542 1276 2553 .
1299 2543 1308 2553 .
1330 2543 1341 2553 .
1364 2517 1471 2553 Nem·

241 2578 334 2628 quod
358 2580 393 2613 in
414 2578 621 2623 Germania,
658 2580 770 2628 magis
800 2591 905 2626 quam
934 2580 971 2613 in
1004 2577 1128 2622 Italia,
1160 2591 1223 2613 aer
1255 2575 1303 2625 <fi
1329 2579 1473 2628 grffor

163 2682 172 2688 ἑ
214 2637 575 2689 therfivgiditatcnz,
606 2634 703 2685 cujus
722 2635 861 2685 ‹jffcc‘lus
878 2636 924 2685 1st
942 2637 1128 2687 ingroffitrc
1142 2650 1154 2672 ε
1180 2635 1258 2672 hinc
1272 2636 1396 2673 ibidem
1411 2651 1470 2673 ra-

170 2701 245 2737 rius
262 2702 457 2738 moriuntur
471 2702 532 2750 qui
543 2701 750 2750 capz'tesunt
763 2699 957 2745 vulnerati,
973 2713 1074 2751 quam
1086 2702 1122 2736 in
1140 2698 1266 2736 Italia.
1309 2697 1348 2733 V
1351 2711 1474 2734 erum-

1331 2766 1471 2806 tamen,
