1975 3343
498 262 710 337 [xxx]

493 418 894 484 collineavimus‚
934 430 992 469 ut
1033 412 1283 486 quidquid
1321 411 1384 465 ad
1422 408 1683 464 Medicam
1709 412 1823 481 Op..

492 510 857 579 portunitatem
877 507 1141 571 conferret,
1162 524 1268 557 non
1295 522 1504 556 omnem
1530 503 1584 553 in
1610 515 1822 573 partem,

492 602 632 670 quod
677 601 766 651 vix
812 619 840 650 a
866 599 1010 651 nobis
1055 597 1162 649 fieri
1205 593 1456 665 potuisset,
1499 592 1583 646 sed
1633 594 1819 663 raptim

490 689 883 761 summatimque
932 688 1335 740 monstraremus.
1427 684 1628 735 Verum
1679 684 1818 735 enim
1892 689 1898 694 ’

492 799 613 833 cum
670 802 700 833 a
767 781 992 832 minimis
1051 779 1178 847 saepe
1235 777 1381 828 rebus
1446 775 1814 826 ominatiffimae

493 871 793 920 morborum
834 869 1110 920 sanationes
1161 866 1422 934 incipiant,
1459 875 1507 915 et
1557 859 1818 913 verosimi-

490 957 626 1009 limae
647 958 996 1027 praediCtioneS
1015 955 1238 1007 constent
1257 976 1272 1017 ;
1307 971 1480 1004 earum
1501 950 1753 1013 omnium,
1778 947 1815 999 fi

490 1068 606 1118 quae
635 1064 808 1101 extare
846 1062 1058 1117 poterat,
1096 1045 1514 1098 communitatem
1559 1040 1816 1109 complexi

489 1138 680 1202 sumus,
706 1140 759 1188 in
780 1156 997 1205 eumque
1015 1137 1118 1188 fere
1146 1136 1358 1185 modum
1383 1129 1682 1198 scripslmus,
1707 1147 1815 1181 non

489 1246 547 1281 ut
575 1248 677 1292 eos,
704 1229 790 1297 qui
829 1239 1091 1295 aegrotant,
1110 1223 1370 1276 scribendo
1397 1219 1565 1272 sanare
1583 1220 1711 1273 velle
1735 1219 1814 1271 vi-

489 1323 740 1384 deremur,
761 1321 898 1388 quod
919 1319 1117 1369 nullum
1144 1320 1307 1371 adhuc
1333 1319 1543 1373 fortaflis
1569 1320 1809 1391 scriptum

490 1411 732 1481 praestitit,
759 1410 840 1461 sed
867 1423 921 1460 ut
939 1410 1180 1460 continua
1199 1410 1353 1479 AEgri,
1389 1425 1813 1482 externarumque

488 1518 657 1554 rerum
678 1502 739 1552 ad
763 1520 879 1552 eum
896 1501 1259 1569 pertinentium
1280 1495 1694 1568 consideratione,
1720 1522 1810 1573 ap-

452 1562 587 1645 ·tior
625 1595 686 1644 ad
725 1594 1119 1661 praedicendum,
1159 1606 1206 1644 et
1250 1593 1547 1661 sanandum,
1602 1595 1692 1649 ista
1734 1593 1808 1650 fe·-

487 1697 627 1736 rente
655 1685 853 1748 morbo,
895 1685 1134 1735 Medicus
1165 1684 1470 1736 redderetur.

561 1870 766 1923 XXXI.
810 1870 894 1922 Est
914 1888 1065 1940 porro
1098 1869 1287 1940 aliquid
1319 1870 1373 1921 in
1399 1870 1604 1936 morbiS,
1630 1884 1808 1940 praeter

491 1980 563 2024 ea,
590 1979 701 2029 quae
731 1961 894 2011 morbi
936 1960 1067 2024 sunt,
1118 1959 1324 2025 noviffe,
1367 1979 1477 2029 quae
1498 1961 1725 2013 traduces
1750 1961 1806 2014 in

487 2051 791 2119 AEgrotantis
809 2050 1033 2115 Familia,
1052 2049 1187 2102 Vitae
1215 2051 1534 2102 habitudines
1560 2050 1805 2104 constent,

487 2141 609 2210 quid
631 2140 735 2208 ejus
753 2138 1020 2210 aetas,⁹quid
1038 2142 1253 2206 animus,
1274 2143 1396 2210 quid
1414 2161 1594 2210 corpus
1610 2141 1774 2194 ferant
1790 2163 1807 2206 3

485 2249 595 2299 quae
641 2231 828 2283 fuerint
873 2233 1041 2284 ciffi-es
1079 2233 1184 2301 ejus
1215 2233 1350 2283 Vitae
1393 2231 1708 2296 neceffitates‚
1753 2249 1803 2289 et

486 2318 669 2370 officia:
690 2323 801 2388 quis
822 2323 977 2372 diaetae
1002 2323 1199 2385 modus,
1220 2335 1265 2373 et
1283 2322 1460 2390 reliqui
1481 2322 1533 2372 in
1554 2321 1800 2390 regimine

484 2405 703 2456 habitus:
722 2425 831 2474 quae
850 2409 1248 2476 propriaNatalis
1257 2407 1344 2458 soli
1362 2407 1491 2472 sunt,
1506 2408 1801 2478 alteriusque

482 2496 535 2544 in
553 2511 656 2561 quo
683 2497 939 2563 aegrotavit
962 2518 971 2547 :
1001 2498 1138 2566 quod
1159 2498 1310 2560 idem,
1328 2496 1362 2547 sl
1381 2499 1501 2566 quid
1514 2514 1672 2562 antea,
1693 2511 1740 2549 et
1759 2496 1796 2550 fi

483 2601 582 2652 qua
609 2585 771 2635 morbi
799 2586 1076 2637 commiffio
1104 2600 1233 2638 certa
1259 2587 1556 2651 interfuerit,
1589 2585 1800 2655 cognos-

483 2691 622 2724 cere:
668 2673 884 2744 denique
922 2677 1044 2744 quid
1086 2694 1237 2747 agens
1272 2677 1391 2730 anni
1429 2689 1627 2746 tempus
1658 2675 1801 2751 ferat,

1590 2763 1803 2835 plusque
