1975 3343
1235 261 1261 334 [
1280 264 1424 318 xxvii
1448 261 1472 334 ]

146 402 340 458 morbis
368 416 523 460 certae
558 407 611 460 in
634 426 695 460 eo
713 407 901 462 caussae
919 405 1215 481 praepositae
1238 407 1472 479 fuissent,

138 493 261 549 inde
318 498 550 569 plurima
616 500 848 553 excrevit
916 499 1179 553 morbifici
1249 500 1473 565 fomitiS‚

142 585 562 658 morborumque
616 586 844 661 farragO,
905 588 1117 660 Arsque
1178 589 1352 642 omnis
1414 588 1473 642 in

140 672 461 745 multiplices
495 676 784 730 sanationis
837 678 1045 750 regulas
1100 677 1174 730 est
1221 677 1472 737 deducita,

141 763 404 817 Praeterea
462 777 735 837 perpetuae
798 766 1098 819 humorum
1161 764 1471 818 acrimoniae

138 864 336 925 coeptae
377 854 504 908 sunt
536 854 782 922 incusari,
830 855 1045 927 fixaque
1088 855 1471 927 plerorumque

136 940 452 995 morborum
478 942 535 996 in
573 954 717 996 certo
744 942 937 996 viscere
977 942 1115 996 sedes
1145 942 1343 996 statuta
1371 942 1469 1010 est,

135 1030 280 1084 unde
306 1030 443 1104 saepe
468 1033 712 1097 totidem,
756 1044 809 1085 et
842 1032 978 1105 saepe
1016 1033 1175 1104 plane
1216 1031 1469 1104 superva-

137 1136 255 1171 cuae
275 1106 707 1191 AEgrotantium‚
749 1134 801 1174 et
829 1123 1169 1174 Medicorum
1204 1120 1470 1174 lamenta-

138 1207 328 1262 tiones,
403 1213 692 1276 Quantum
718 1210 920 1263 etenim
946 1210 1001 1262 in
1025 1229 1225 1281 magno
1252 1212 1469 1263 morbo-

136 1312 261 1347 rum
277 1313 523 1360 numerO,
538 1296 709 1349 Viscus
732 1295 950 1366 aliquod
966 1295 1301 1368 singulariter
1321 1316 1470 1349 com-

138 1388 393 1460 patiatur,
432 1388 524 1441 vix
569 1398 751 1441 tamen
797 1389 1048 1441 morbum
1088 1387 1271 1441 sanare
1309 1390 1469 1460 pofli-

137 1479 241 1533 bile
253 1480 346 1546 est,
365 1499 425 1533 ea
449 1479 779 1533 tantumodo
800 1492 985 1534 curata
998 1492 1167 1552 parte,
1196 1500 1319 1552 quae
1334 1500 1469 1553 prae-

137 1569 294 1643 cipue
311 1572 473 1626 dolet.
528 1571 807 1625 Invalente
836 1591 1074 1643 namque
1103 1591 1232 1637 una,
1261 1585 1468 1626 caeterae

136 1681 321 1715 omnes
357 1662 620 1728 invalent,
673 1663 819 1733 quod
847 1664 1204 1734 Hippocrates
1243 1663 1467 1725 dixerat,

136 1770 312 1823 neque
333 1771 442 1806 una
458 1751 629 1805 sanari
655 1750 711 1804 in
731 1752 1001 1825 integrum
1023 1752 1213 1823 potest,
1242 1752 1338 1806 nisi
1363 1772 1467 1805 cae-

138 1854 267 1896 terae
314 1863 532 1915 quoque
576 1842 850 1896 sanentur.
929 1844 1142 1896 Caetera
1178 1843 1310 1914 quid
1355 1864 1468 1896 me-

137 1949 361 1997 morem,
389 1950 512 2002 quae
540 1949 603 1982 ex
632 1929 815 1982 avulso
838 1928 1204 2001 Philosophiae
1233 1949 1262 1982 a
1291 1931 1467 1983 Medi-

54 2038 58 2040 ’
135 2019 256 2072 cina
287 2018 478 2085 studio,
519 2019 786 2071 malorum
827 2018 883 2070 in
924 2021 1059 2070 Arte
1106 2037 1300 2091 genera
1338 2030 1467 2071 nata

142 2108 285 2164 sunt.

211 2290 474 2344 XXVIII.
516 2290 675 2343 Hanc
716 2302 897 2342 tamen
935 2288 1221 2342 Medicinae
1260 2310 1290 2343 a
1316 2289 1466 2362 Sapi-

137 2383 297 2438 entiae
364 2384 536 2438 studio
608 2384 1011 2457 separationem,
1078 2385 1469 2457 Hippocratem

139 2489 265 2533 ante
286 2477 431 2543 alios,
471 2478 709 2543 effecisse,
748 2478 908 2531 multi
939 2497 1002 2530 ex
1029 2477 1299 2532 notiffimo
1327 2480 1467 2533 Celfi

136 2570 257 2623 loco
277 2567 541 2639 judicant,
583 2567 729 2639 quasi
775 2567 1091 2621 rationalem
1132 2567 1467 2640 disciplinam

140 2657 231 2718 vix
257 2659 573 2715 morborum
593 2659 957 2715 sanationibus
985 2657 1227 2713 conferre
1258 2659 1398 2732 poffe
1426 2658 1466 2710 is

945 2741 952 2748 ”
1288 2745 1466 2798 existi-
