1932 3319
425 287 795 336 AEGROT.
849 285 958 334 ET
1017 287 1214 334 SAN.
1375 288 1465 352 165

179 417 308 483 quod
349 432 403 469 ut
436 420 646 484 primurn
684 417 898 484 contigit,
930 417 1127 482 jamque
1163 417 1315 465 morbi
1359 434 1472 466 con-

183 492 349 551 versio,
383 507 430 542 et
444 492 732 557 judicatoria
755 494 853 541 dies
880 493 1032 539 instat.

249 654 326 688 21.
375 643 547 707 Neque
587 641 888 689 concedimus
932 638 1199 686 criticarum
1243 634 1473 699 ejusmodi

182 715 450 761 motionum
470 717 702 779 impetum
727 715 792 762 ita
815 728 1041 777 perpetuo
1066 710 1217 757 morbi
1241 708 1475 756 diuturni-

182 800 278 834 tate
313 789 504 845 collabi,
531 803 583 834 ut
603 788 730 834 nulla
755 790 800 834 in
826 788 981 850 longis
1008 785 1185 833 morbis
1214 785 1397 847 proprie
1424 782 1479 829 sit

172 857 480 925 judicationis
521 861 733 909 intensio.
805 861 1094 924 Exemplum
1131 858 1304 922 prostat
1348 855 1479 919 apud

183 934 537 1000 Hippocratem
581 935 627 982 in
655 934 972 981 Cleonactidis
998 935 1163 980 morbo
1185 951 1196 979 :
1225 932 1261 978 is
1286 931 1480 986 etenim,

181 1008 433 1073 postquam
451 1008 841 1073 aliquotjamque
858 1009 1024 1054 diebus
1046 1008 1135 1053 sine
1162 1006 1290 1052 febre
1309 1002 1478 1060 fuisset,

184 1080 334 1129 rursus
392 1083 439 1130 in
497 1084 830 1146 Oetuagefima
886 1079 1039 1129 subito
1084 1079 1259 1135 febriit,
1305 1076 1490 1124 sudavit

184 1152 412 1215 multum,
449 1168 497 1202 et
520 1155 722 1219 perfecte
737 1154 976 1218 judicatus
1002 1151 1081 1200 est.

256 1316 334 1349 22.
373 1302 557 1350 Verum
598 1304 723 1351 enim
763 1302 995 1349 diuturnae
1025 1299 1340 1362 aegritudines,
1380 1311 1488 1360 quae

188 1374 352 1422 diffitis
381 1375 504 1423 inter
539 1377 581 1423 se
606 1376 875 1440 paroxismis
901 1374 1126 1429 constant,
1171 1386 1216 1419 et
1242 1373 1287 1418 in
1313 1370 1487 1434 quibus

187 1449 352 1511 paullo
377 1448 642 1508 liberaliora
662 1448 957 1496 intercedunt
982 1446 1300 1495 remiffionum
1322 1459 1366 1491 et
1388 1444 1488 1507 api-

191 1522 333 1570 rexiae
349 1523 611 1582 intervalla,
640 1525 702 1570 ita
722 1523 959 1570 censendae
974 1522 1093 1578 sunt,
1113 1523 1239 1584 quasi
1267 1520 1490 1582 contigua

189 1593 393 1644 febrium
410 1600 666 1645 accessione
686 1596 967 1654 constarent,
989 1611 1246 1655 earumque
1268 1595 1367 1640 dies
1381 1592 1492 1656 jux-

190 1679 239 1714 ta
262 1666 467 1716 febrium
493 1687 760 1726 numerum,
786 1684 1041 1732 earumque
1068 1667 1380 1722 durationem,
1405 1681 1491 1711 ve-

189 1740 280 1789 luti
306 1742 352 1789 in
392 1744 614 1794 continua
645 1742 774 1790 febre
819 1741 1166 1788 dinumerandi.
1228 1742 1390 1805 Qam
1428 1739 1492 1784 ob

192 1815 400 1861 cauffam
433 1817 710 1863 Tertianam
744 1814 973 1878 septennis
994 1829 1046 1859 ea
1073 1827 1263 1876 propter
1287 1810 1494 1858 circuiti-

192 1886 281 1933 bus
320 1887 639 1937 circumscribi
661 1886 1134 1949 Galenusjudicabat
1152 1895 1193 1941 4,
1219 1886 1346 1949 quod
1372 1884 1494 1946 legi-

194 1960 315 2008 tima
336 1961 574 2009 Continua
598 1962 717 2008 intra
742 1961 842 2007 dies
865 1960 1038 2022 septem
1058 1952 1310 2012 defineret3
1338 1960 1494 2019 Qar-

193 2038 503 2091 tanarumque
520 2029 743 2075 circuitus
762 2027 940 2073 menses
959 2026 1130 2072 iccirco
1148 2026 1237 2081 sex,
1256 2038 1394 2087 atque
1411 2040 1497 2070 an-

197 2115 315 2147 num
336 2101 583 2163 perdurare
605 2100 948 2161 Sydhenamius
968 2099 1161 2153 censuit,
1191 2098 1320 2161 quod
1350 2108 1500 2147 mate-

198 2172 289 2223 ries
308 2174 529 2220 morbum
547 2173 739 2228 faciens,
754 2189 862 2236 quae
879 2189 988 2219 cum
1003 2172 1192 2235 integris
1212 2173 1394 2218 dierum
1408 2171 1500 2217 cir-

200 2246 649 2310 cuitibusaegritudo
660 2247 855 2302 constat,
873 2247 990 2292 intra
1008 2246 1386 2310 quattuordecim
1402 2245 1499 2292 dies

194 2320 396 2386 judicari
421 2321 553 2380 solet,
570 2320 767 2385 jamque
793 2321 1048 2383 sexaginta,
1079 2320 1324 2384 pluresque
1349 2322 1497 2366 etiarn

203 2395 461 2458 aliquando
503 2396 789 2445 brevissimas
832 2394 983 2441 febres
1031 2395 1252 2451 concitet,
1294 2408 1496 2458 quarum

205 2469 340 2517 simul
388 2466 600 2533 te'mpora
625 2468 1008 2532 quattuordecim
1050 2469 1233 2516 dierum
1267 2467 1502 2514 summam

206 2543 427 2601 efficiant,
477 2544 768 2607 perindeque
806 2555 1055 2606 quartanas
1105 2541 1314 2590 similiter
1359 2554 1503 2604 atque

206 2616 450 2668 continuas
475 2618 626 2665 febres
642 2616 861 2679 judicari.

578 2736 597 2776 .⁴
623 2736 666 2774 In
684 2734 779 2788 Aph.
808 2734 918 2774 ΠΧ.
947 2733 1033 2774 Lib.
1054 2734 1125 2774 v1.

755 2794 815 2842 M
853 2811 882 2860 3
944 2824 952 2830 -
1223 2806 1300 2854 23.
1326 2792 1500 2855 Neque
