1932 3319
417 289 485 337 70
632 275 744 324 DE
802 276 1441 326 vlT.P-ER10D.

420 394 649 442 Martine.
697 396 917 443 Pluribus
942 396 1027 442 hac
1053 395 1128 441 die
1160 397 1382 442 morbum
1405 395 1603 444 feliciter
1626 395 1709 442 de-

417 467 528 518 fiisse
552 469 754 516 vidimus
775 469 975 526 Parisiis,
1003 468 1048 514 in
1068 469 1208 532 elapsi
1231 469 1356 518 Anni
1379 469 1554 516 vernali
1580 469 1712 517 Con·

415 540 680 598 stitutione,
742 556 844 588 tum
905 541 1140 604 praecipue
1187 539 1234 586 in
1280 540 1451 590 Nobili
1496 541 1715 604 Virgine,

416 632 562 679 quam
591 617 972 679 percuravimus:
1026 615 1154 663 febre
1197 616 1393 674 liberata
1440 615 1504 662 est
1535 616 1719 664 decima

414 692 553 749 tertia
573 707 789 740 accurate
809 694 903 749 die,
937 709 1046 740 cum
1065 693 1111 739 in
1138 693 1411 741 Undecima
1436 692 1623 756 copiose
1644 692 1718 739 su-
1787 725 1801 730 -

417 766 634 823 davisset.
705 768 962 815 Recidivas
987 768 1074 814 hac
1094 767 1171 813 die
1194 768 1418 830 plurimas
1444 767 1568 814 vidit
1586 766 1720 830 Hip-

418 854 649 901 pocrates,
677 841 720 887 in
752 841 898 889 Thasi
928 840 1295 889 Constitutione:
1333 842 1506 889 incerta
1542 853 1717 905 tamen,

419 928 530 975 quae
555 913 602 960 in
638 915 761 962 hunc
793 917 920 963 diem
945 913 1192 962 transferas
1211 931 1267 961 ex
1293 916 1392 980 ipso
1428 909 1717 963 sanationum
1751 936 1754 939 ·

417 988 648 1050 exempla,
683 1002 888 1052 quorum
908 987 1036 1035 nulla
1054 1000 1300 1051 propterea
1342 987 1627 1055 memoravit
1650 989 1716 1054 A?

418 1060 495 1107 De
520 1062 661 1108 Haen
683 1065 716 1109 ss.

756 1269 1109 1322 DIES
1245 1275 1385 1324 X1V.

487 1410 554 1457 A.
597 1412 805 1476 Qintus
845 1411 1150 1467 circuituum,
1189 1411 1273 1476 qui
1314 1410 1480 1458 diebus
1527 1410 1720 1477 paribus

409 1482 655 1547 judicant:
705 1485 890 1532 sudores
906 1484 1193 1532 decretorios
1214 1484 1487 1546 portendit:
1527 1484 1721 1547 plurimi

422 1557 468 1602 in
491 1558 632 1604 Thasl
660 1557 1010 1604 Constitutione
1037 1558 1192 1604 denuo
1218 1559 1263 1604 in
1291 1558 1513 1604 morbum
1542 1559 1625 1604 bac
1646 1558 1723 1604 die

424 1631 691 1677 inciderunt
712 1648 723 1676 :
752 1630 1037 1693 judicatoria
1057 1631 1155 1678 dies
1183 1631 1388 1679 maxime
1409 1631 1454 1677 in
1481 1629 1687 1678 febribus
1707 1648 1718 1680 ε

419 1705 575 1769 plures
600 1704 754 1752 hieme
782 1705 992 1769 quodam
1029 1705 1114 1752 hac
1155 1706 1229 1752 die
1262 1705 1500 1769 judicati:
1539 1704 1723 1753 confert

421 1780 521 1842 ejus
546 1779 804 1826 observatio
831 1779 877 1824 in
905 1779 1082 1826 morbis
1115 1796 1141 1826 a
1161 1780 1270 1827 bile.
1341 1779 1516 1827 Febres
1541 1779 1720 1828 sudori-

422 1854 531 1901 ferae
556 1854 792 1902 nonnullis
818 1854 904 1900 hac
930 1855 1006 1902 die
1026 1856 1352 1903 decreverunt.

489 1989 546 2035 B.
585 1987 937 2049 Judicabantur
979 2001 1134 2034 autem
1169 1988 1328 2041 omnia
1372 2002 1424 2050 ut
1457 1988 1716 2052 plurimum

466 2193 479 2211 ¹
510 2187 681 2225 Pertinet
731 2186 886 2225 fortaffis
920 2187 1053 2240 aliquo
1090 2189 1203 2227 modo
1254 2188 1300 2226 ad
1337 2187 1452 2237 huJus
1480 2187 1554 2226 diei
1586 2186 1730 2239 judicia

412 2247 648 2299 Euiianadtis
700 2247 772 2285 Fil.
823 2261 936 2295 mors,
973 2248 1082 2298 cujus
1132 2251 1247 2299 supra
1291 2245 1555 2295 meminimus,
1591 2247 1726 2297 (Conf.

407 2296 529 2359 AEgr.
549 2308 617 2346 vii.
648 2310 740 2346 Diei
757 2308 828 2346 VI.
835 2311 863 2357 ),
899 2323 1096 2362 quamque
1127 2310 1191 2348 CI.
1213 2310 1271 2348 De
1291 2311 1406 2348 Haen
1429 2309 1478 2348 ad.
1494 2308 1730 2359 Vigefimarn

411 2367 625 2414 secundam,
663 2379 728 2404 aut
764 2369 810 2406 ad
828 2368 1063 2420 Vigefimam
1089 2371 1233 2408 sextam
1266 2369 1422 2409 distulit.
1478 2369 1552 2407 Illa
1587 2368 1733 2407 etenim·

411 2441 499 2464 cum
526 2427 563 2464 iu
591 2427 706 2465 Sexta
727 2427 896 2477 judicata
930 2428 1066 2476 fuisset,
1101 2429 1269 2481 Septima
1297 2429 1424 2469 rursus
1462 2428 1595 2480 riguit,
1629 2428 1732 2468 circa

413 2487 610 2526 Decimam
631 2487 833 2526 deliravit:
863 2490 1089 2529 duodecima
1108 2491 1168 2530 die
1188 2493 1318 2530 rursus
1339 2491 1545 2530 deliravit:
1575 2490 1732 2542 septima

411 2563 556 2600 quapr,
536 2549 627 2585 mstre
632 2562 734 2585 mum
763 2549 838 2586 deli
844 2563 909 2588 rai
913 2562 994 2590 erat
1002 2552 1075 2590 die
1098 2566 1176 2591 moi
1175 2564 1251 2591 tua
1269 2552 1347 2591 est:
1391 2553 1642 2605 quamobrem
1666 2553 1729 2591 de-

409 2609 454 2644 ci
448 2621 507 2644 na
525 2618 559 2644 te
565 2618 595 2642 r
601 2605 636 2642 ia
654 2619 673 2642 a
696 2606 873 2654 recidiva,
895 2609 953 2646 die
968 2610 1046 2647 vita
1062 2612 1241 2653 exceffiffe
1257 2622 1427 2665 apparet,
1455 2610 1724 2652 Decimanona

414 2678 538 2706 autem
555 2680 574 2704 a
598 2663 717 2716 prima
734 2666 853 2704 morbi
874 2669 1086 2711 acceffione

1512 2722 1716 2794 Decima
