1932 3319
421 296 797 355 AEGROT.
854 294 1225 343 ET'SAN.
1381 312 1457 361 -53

227 433 274 480 3.
313 417 513 481 Evagon
540 417 681 464 Sexta
696 414 938 480 judicatus
958 413 1037 471 est,
1060 413 1367 478 subsequente
1386 431 1457 470 re-

163 489 325 538 cidiva
344 494 397 537 ¹².

222 652 270 693 4.
308 635 527 709 AgLaijiae
545 636 634 685 Fil.
659 637 797 683 Sexta
813 634 1024 700 judicata
1049 635 1130 706 est,
1152 634 1460 701 subsequente

161 707 367 756 recidiva
387 711 440 755 ¹³.

223 863 270 913 5.
307 849 662 913 Epaminondas
688 862 900 896 mortuus
928 847 991 895 est
1017 847 1101 895 hac
1128 847 1204 895 die
1224 851 1275 894 ¹⁴.

221 997 270 1046 6.
310 999 495 1046 Silenus
521 1011 738 1045 mortuus
761 998 822 1044 est
842 999 891 1044 ¹⁵.

222 1143 270 1190 7.
317 1131 544 1178 Philiscus
569 1133 825 1193 Antagorae
851 1130 941 1180 Fil,
985 1131 1197 1178 similiter
1243 1142 1456 1179 mortuus

156 1203 220 1249 est
244 1202 297 1250 ¹⁶.

226 1339 269 1382 8.
299 1336 585 1384 Dromeadae
610 1337 751 1385 Uxor
775 1334 875 1398 post
919 1336 1087 1398 capitis
1133 1334 1456 1383 convulfiones

154 1407 304 1456 subito
328 1421 510 1454 mortua
532 1407 595 1453 est
620 1408 744 1453 sexta
769 1407 844 1453 die
863 1409 914 1452 ²⁷.

143 1537 176 1545 ᾳ,

188 1537 196 1541 „
223 1564 267 1611 9.
305 1546 599 1594 Eurianaffis
625 1546 716 1594 Fil.
745 1546 871 1593 sexta
894 1546 968 1592 die
988 1546 1134 1593 libera
1157 1563 1166 1591 :
1196 1562 1288 1593 non
1321 1545 1455 1593 suda-

152 1618 222 1677 vit
241 1618 482 1683 :judicata
499 1620 591 1667 est:
613 1619 742 1683 quod
761 1633 921 1676 autem
947 1619 1071 1679 eirca
1089 1619 1261 1674 sedem,
1287 1636 1456 1682 parum

153 1695 458 1759 suppuratum
483 1696 561 1752 est,
610 1709 656 1742 et
692 1695 836 1742 exivit
874 1711 984 1741 cum
1017 1694 1338 1758 judicationeq
1382 1711 1456 1749 re-

152 1768 267 1816 cidit
291 1783 447 1815 tamen
474 1770 518 1816 in
546 1769 771 1816 morbum
788 1767 839 1815 ¹⁸.

223 1925 298 1956 10.
335 1909 529 1955 Lariffae
548 1909 697 1972 Virgo
722 1907 997 1971 sanguinem
1023 1926 1078 1955 ex
1107 1908 1292 1956 naribus
1322 1911 1451 1972 copi-

149 1982 299 2044 osum,
347 1997 393 2029 et
419 1985 625 2031 multum
650 1983 812 2030 habuit
835 2002 845 2029 :
892 1984 1081 2031 horrore
1126 1998 1343 2048 correpta
1369 1985 1450 2040 est,

151 2070 197 2101 et
224 2055 389 2102 sudore
429 2057 619 2119 copioso
656 2057 810 2103 calido
851 2057 1036 2120 perfusa
1060 2075 1144 2121 per
1169 2071 1321 2104 totum
1347 2073 1451 2104 cor-

150 2146 267 2192 pus:
313 2130 461 2177 Febre
487 2130 680 2176 liberata
704 2129 784 2188 est,
824 2143 869 2176 et
886 2129 1098 2191 judicata
1121 2150 1131 2178 :
1183 2134 1272 2180 Per
1299 2131 1452 2178 febres

151 2218 325 2261 autem,
371 2220 417 2252 et
442 2204 582 2251 etiam
627 2203 832 2268 perfecta
846 2203 1158 2268 judicatione,
1202 2207 1453 2257 muliebria·

198 2384 230 2403 ¹²
261 2379 380 2419 Conf.
402 2380 520 2431 AEgr.
538 2379 562 2418 i.
593 2382 649 2418 D.
672 2381 704 2419 Ῑ.

198 2442 230 2465 ³3
260 2437 375 2476 Coris.
405 2439 520 2490 AEgr3
535 2438 561 2475 i.
592 2440 650 2477 D.
673 2439 746 2480 IV.

198 2502 231 2526 ¹4
259 2500 349 2537 Loc.
366 2501 427 2534 cit.

132 2573 135 2581 ¹
195 2565 226 2587 ¹⁵
257 2561 347 2597 Loc.
364 2561 425 2595 cit.

196 2619 230 2646 ¹9
259 2608 349 2658 Loci
365 2620 414 2653 cit

196 2682 227 2705 ¹⁷
256 2679 345 2716 Lib.
363 2678 485 2727 etfiffl.
505 2680 566 2714 cit.
594 2677 710 2729 AEgr.
730 2678 783 2717 xi.

195 2737 226 2760 ’Β
255 2737 570 2795 Epid.1113fic‘J,
595 2736 635 2791 ii.>
662 2738 778 2790 AEgr.
795 2738 847 2777 vi,

641 2803 683 2851 E
719 2820 748 2867 3
936 2822 943 2829 ·
1328 2819 1441 2854 tunc
