1932 3319
386 273 756 326 AEGROT.
814 272 928 321 ET
988 271 1184 321 SAN.
1354 276 1441 338 187

153 422 278 459 tant:
319 409 449 471 quod
480 409 628 456 tenuit
653 420 758 455 ante
776 407 889 454 alios
907 406 1149 469 nuperiore
1174 419 1276 450 aevo
1299 407 1443 454 Rich.

156 488 304 536 Mead
324 505 336 534 ε
381 486 588 534 incusant
607 486 765 544 etiam,
793 484 1040 531 hominum
1059 483 1116 529 ab
1138 482 1449 545 Hippocratis

153 575 289 610 aetate
314 562 648 616 diversitatem,
685 559 873 622 fereque
899 558 1183 621 antiquiores
1210 572 1320 603 cum
1346 558 1448 604 nos-

152 637 344 685 tratibus
370 635 577 684 conferre
603 635 802 682 reiciunt
827 636 858 679 ¹.

220 794 267 838 3.
305 777 483 822 Contra
501 791 624 838 quae,
667 773 818 820 multa
852 772 956 819 satis
997 772 1057 818 ab
1083 770 1183 817 aliis
1218 770 1449 834 disputata

157 849 278 908 sunt,
305 849 488 911 aliaque
508 849 651 895 etiam
671 847 716 893 in
734 862 894 893 eorum
911 844 1109 909 judiciis
1132 861 1214 892 nos
1234 845 1316 908 ipsi
1336 847 1448 893 alibi

201 1044 216 1062 ¹
245 1039 361 1078 Conf.
378 1038 509 1086 Mead,
542 1039 582 1076 de
601 1039 689 1091 Imp.
714 1039 783 1075 Sol.
809 1048 841 1075 et
854 1038 952 1075 Lun.
970 1050 1054 1087 cap.
1070 1036 1108 1074 ii.
1165 1035 1328 1075 Dixerat
1347 1037 1461 1077 etiam

151 1099 475 1139 Waldsckmidius
506 1100 623 1136 Fund.
662 1100 759 1137 Med.
807 1097 873 1135 vix
905 1098 1067 1147 amplius
1103 1101 1268 1146 morbos,
1301 1100 1341 1138 in
1374 1115 1462 1140 eum

149 1171 265 1212 atque
279 1158 504 1210 antiquitus,
520 1155 892 1212 modumterminari,
904 1166 1104 1207 propterea
1117 1171 1187 1195 nec
1198 1157 1464 1208 praedidiiones

153 1221 297 1259 nostras
330 1220 368 1257 in
398 1218 534 1257 Acutis
558 1232 647 1256 curn
666 1216 952 1268 Hippocraticis
981 1230 1216 1267 congruere:
1265 1231 1348 1256 rara
1368 1233 1465 1271 quo-

152 1293 230 1331 que
251 1278 405 1316 crifium
437 1277 537 1328 apud
569 1275 906 1327 septemtrionales
928 1277 1104 1326 exempla
1133 1275 1231 1313 dixit
1251 1276 1465 1327 Baglivius,

151 1342 275 1378 Prax.
301 1338 397 1375 Med.
428 1337 517 1375 Lib.
544 1337 595 1376 II.
623 1347 662 1373 ut
680 1338 852 1379 Germani
869 1337 1088 1387 aliarumque
1103 1337 1336 1387 frigidarum
1355 1341 1464 1387 regio-

151 1415 234 1438 num
265 1399 403 1436 Medici
443 1398 578 1435 abunde
612 1397 793 1445 tzstantzcr.
866 1394 1049 1433 Similiter
1085 1406 1120 1432 et
1152 1395 1341 1443 Peclinus‚
1381 1397 1467 1448 Obs.

154 1460 256 1499 Med.
276 1461 326 1497 ΙΙ.
383 1458 526 1509 Neque
547 1457 667 1494 ullam
686 1457 852 1502 crifium,
869 1456 1171 1508 criticorumque
1192 1457 1341 1494 dierum
1362 1471 1467 1495 men-

154 1521 313 1567 tionem,
343 1520 460 1568 longa
480 1518 657 1570 quamvis
684 1518 793 1569 praxi
832 1517 1002 1555 eruditus
1041 1518 1151 1568 Sylv.
1176 1519 1221 1555 de
1242 1519 1297 1556 Le
1319 1519 1397 1555 Boe
1417 1518 1468 1555 fe-

157 1581 224 1628 cit,
245 1594 334 1617 cum
349 1593 471 1630 eoque
493 1593 569 1616 non
589 1578 815 1629 infrequens
835 1577 916 1628 ejus
934 1577 1052 1615 aetatis
1073 1579 1297 1629 scriptorum
1316 1580 1467 1625 cohors,

158 1639 365 1691 caeterique
381 1640 507 1690 plane,
530 1653 695 1691 quorum
712 1653 799 1676 cum
815 1637 1039 1676 Chimiatris
1058 1638 1269 1676 communis
1292 1648 1372 1676 erat
1390 1639 1470 1676 sen-

158 1698 292 1738 tentia.
348 1699 539 1738 Praeterea
566 1699 882 1749 Hippocraticam
920 1712 1072 1736 omnem
1104 1699 1350 1749 periodorum
1384 1698 1470 1735 doc-

161 1759 302 1796 trinam
322 1757 387 1794 vix
404 1757 560 1810 jamque
579 1760 679 1809 apud
701 1772 769 1796 nos
789 1757 1042 1808 spectabilem,
1076 1758 1235 1809 penitus
1256 1757 1405 1804 evertit,
1435 1769 1473 1795 et

161 1817 291 1868 rejecit
335 1817 465 1867 magni
507 1818 669 1856 nominis
700 1819 739 1855 in
772 1817 966 1855 lHedicina
994 1818 1052 1855 vir
1085 1818 1318 1863 Pitczirnius,
1353 1821 1468 1856 Elam.

163 1877 264 1916 Med.
283 1874 370 1913 Lib.
389 1876 419 1922 I,
437 1875 541 1927 isque
561 1875 600 1912 in
619 1875 828 1913 Erasistrati
840 1886 986 1925 partem
1007 1876 1166 1913 tranfiit.
1212 1877 1318 1913 Inter
1337 1889 1473 1925 nuper-

166 1935 297 1982 rimos,
316 1932 678 1985 Septentrionalium
698 1934 921 1973 medicinam
948 1935 1042 1984 saepe
1068 1933 1349 1985 Hippocraticae
1363 1934 1473 1985 praxi

167 1995 491 2034 contradicentem
528 1995 615 2032 sistit
645 1996 811 2041 Elim-us,
843 1993 1094 2046 proximeque
1132 2008 1220 2032 cum
1241 1994 1397 2032 Meadio
1419 1995 1473 2033 fa-

170 2055 281 2093 ciunt
301 2054 516 2101 lWacbride,
555 2057 693 2093 Introd.
714 2055 829 2093 Meth.
864 2059 898 2091 ἐκ
932 2053 997 2093 Th.
1027 2066 1058 2091 ct
1090 2057 1214 2093 Prax.
1248 2066 1323 2107 cap.
1353 2055 1405 2093 iv.
1436 2065 1474 2102 el:

167 2115 251 2153 Th.
271 2116 435 2153 Glaffius
453 2118 582 2153 Comm.
604 2117 643 2152 de
658 2116 760 2153 Febr.
776 2116 952 2153 Tandem
968 2117 1171 2167 plerosque
1193 2115 1474 2155 neotericorum

172 2175 339 2221 morbos,
362 2174 553 2222 erraticos,
585 2175 826 2225 injudicatos,
858 2186 893 2213 et
923 2176 995 2213 sine
1030 2175 1110 2226 tipo
1128 2176 1396 2222 intercurrere,
1436 2187 1478 2214 ut

168 2247 239 2272 nec
258 2235 541 2286 contemplabiles,
572 2248 640 2272 nec
660 2237 815 2276 medicos,
846 2248 914 2271 nec
943 2238 1079 2270 criticos
1099 2233 1175 2270 dies
1205 2235 1383 2280 habeant,
1412 2246 1476 2271 cu-

168 2292 332 2343 jusmodi
347 2293 599 2344 multiplicem
616 2293 762 2331 dierum
788 2292 1059 2330 distinffionem
1077 2292 1165 2331 alibi
1185 2293 1360 2331 consulto
1382 2307 1477 2343 prae-

175 2351 415 2399 termifimus‚
442 2351 708 2403 frequentibus
739 2351 899 2388 aliorum
930 2351 1172 2390 Medicorum
1202 2351 1350 2403 paginis
1367 2352 1480 2402 scrip-

173 2421 258 2448 tum
279 2410 343 2448 est.
383 2413 512 2460 Qam
541 2413 589 2450 ob
622 2412 781 2449 cauffam
803 2412 848 2448 ab
879 2411 977 2461 Reg.
998 2412 1124 2449 Lond.
1146 2412 1207 2448 Sc}
1228 2411 1347 2448 Acad.
1377 2410 1480 2448 haud

177 2470 308 2508 multis
331 2471 378 2508 ab
397 2471 485 2507 hinc
516 2471 623 2508 annis
642 2470 784 2508 indieto
803 2470 1037 2521 problemate
1065 2471 1263 2521 quaesitum
1292 2470 1353 2516 est,
1387 2484 1479 2508 ecur

178 2540 284 2568 tanta
311 2529 349 2567 in
372 2531 599 2569 Morborum
619 2531 929 2569 conversionibus
954 2530 1163 2568 differentia
1180 2530 1358 2582 antiquos
1379 2530 1480 2567 inter

177 2599 214 2627 et
236 2603 399 2641 nuperos
431 2602 602 2630 extaret:
649 2605 736 2629 cum
769 2605 892 2642 eoque
928 2605 1044 2643 prope
1079 2591 1244 2629 incidens
1277 2592 1478 2642 quaefitum

180 2649 298 2696 aliud,
326 2650 451 2702 postea
480 2665 512 2704 av
534 2650 755 2690 Divionenfi
775 2650 980 2690 Academia
1010 2651 1218 2692 excitatum
1253 2650 1359 2688 fuiffc
1388 2648 1480 2698 legi-

188 2721 286 2754 mus!

1319 2774 1475 2822 repre-
