1932 3319
349 236 414 283 94
581 205 701 267 DE
758 205 1395 272 VIT.PER10‘D.

411 355 462 405 7.
506 338 716 387 Cononis
733 338 924 386 Ancilla
951 338 1075 387 circa
1089 340 1499 415 quadragefimam
1519 345 1649 397 diem

346 429 537 464 mortua
552 412 617 461 est
631 415 684 461 ¹⁰.

413 568 459 612 8.
497 562 780 626 Antiphonti
798 562 1040 611 Critobuli
1059 565 1096 612 F
1103 563 1153 612 il.
1184 564 1367 630 integre
1387 566 1514 618 circa
1529 586 1650 635 qua-

343 640 654 704 dragefimam
677 639 804 686 diem
838 640 1030 688 morbus
1047 639 1288 705 judicatus
1315 641 1378 690 est
1398 645 1450 691 ²².

479 845 670 894 DIE
709 846 738 893 S
831 849 948 895 LX.
1033 848 1204 896 LXX.
1289 849 1514 899 LXXX.

406 983 472 1035 A.
520 988 651 1033 Dant
699 1001 891 1050 quoque
938 985 1115 1033 criticis
1164 987 1441 1037 circuitibus
1489 989 1650 1040 locum

339 1059 422 1124 qui
448 1060 595 1106 medii
622 1059 848 1122 sunthdies
872 1059 991 1105 inter
1015 1059 1426 1122 quadragesimum
1451 1072 1498 1106 et
1521 1061 1650 1108 sexa-

340 1136 607 1199 gefimum:
655 1133 928 1198 exemplum
955 1132 1020 1178 est
1062 1133 1188 1195 apud
1213 1133 1567 1197 Hippocratem
1603 1126 1651 1184 in

337 1209 586 1259 Pithodori
630 1207 777 1265 febre,
819 1224 927 1273 quae
953 1207 1115 1256 crebro
1133 1207 1371 1271 judicata,
1399 1210 1647 1274 atqueite-

338 1302 446 1333 rum
489 1284 864 1348 apprehendens,
920 1299 1031 1339 eum
1068 1283 1220 1329 tenuit
1267 1283 1314 1330 in
1355 1283 1561 1347 primam
1601 1295 1650 1333 et

337 1359 779 1426 quinquagesimam
825 1358 972 1420 usque
1007 1356 1164 1404 diem:
1211 1375 1308 1422 quo
1347 1358 1423 1405 die
1455 1359 1646 1418 remisit,

339 1451 494 1500 neque
518 1434 720 1499 amplius
739 1433 875 1481 rediit
895 1436 927 1479 ¹.
999 1432 1364 1496 Frequentiores
1400 1433 1645 1484 nihilomi-

336 1528 422 1559 nus
451 1511 654 1559 febrium
675 1509 847 1566 exitus,
867 1524 974 1573 quae
1000 1507 1424 1572 Qadragefimam
1441 1508 1642 1575 jamque

336 1589 640 1642 exccfferunt,
681 1585 726 1631 in
747 1583 1044 1646 Sexagefima
1082 1583 1230 1630 fiunt:
1271 1600 1415 1646 quare
1452 1598 1498 1631 et
1523 1586 1642 1635 hanc

336 1662 465 1709 diem
505 1661 552 1707 in
589 1660 860 1707 circuitibus
896 1658 1086 1722 paribus
1130 1657 1344 1706 distincte
1379 1658 1645 1709 nominavit

336 1734 680 1797 Hippocrates,
723 1747 924 1795 eamque
949 1729 1186 1786 ultimam,
1221 1729 1383 1776 saltem
1404 1744 1641 1793 quantum

337 1823 396 1854 ex
454 1804 552 1870 ejus
600 1808 768 1853 textu²
827 1817 1034 1869 apparet,
1099 1802 1340 1851 constituit
1385 1802 1433 1850 in
1482 1805 1641 1869 perio-

336 1881 409 1929 dis
466 1894 726 1928 acutorum.
821 1879 930 1927 Post
977 1895 1031 1925 ca
1078 1878 1202 1925 enim
1243 1890 1475 1940 tempora,
1532 1879 1638 1926 diu-

338 1968 472 2003 turna
528 1973 690 2004 eorum
748 1954 1019 2003 constitutio
1077 1951 1253 2008 evadit,
1325 1951 1637 2017 morbosaque

337 2031 500 2078 senfim
537 2031 826 2079 consuetudo
852 2030 1044 2086 constat,
1085 2028 1143 2074 de
1169 2044 1265 2091 qua
1290 2026 1393 2073 satis
1419 2027 1569 2075 multa
1592 2028 1640 2077 in

337 2107 536 2155 secundo
577 2107 698 2155 libro
745 2106 1024 2170 scripfimus.
1094 2105 1204 2153 Nec
1241 2119 1352 2149 vero
1391 2102 1474 2166 qui
1501 2104 1638 2151 chroe-

339 2182 428 2228 nici
450 2183 636 2245 proprie
664 2182 818 2229 morbi
845 2181 1162 2234 nominantur,
1212 2190 1462 2241 perpetuo,
1504 2177 1636 2242 quod

335 2257 525 2316 dicitur,
573 2260 767 2306 acritici
794 2271 841 2304 et
887 2254 1127 2319 injudicati
1174 2252 1435 2308 solvuntur,
1483 2266 1637 2316 neque

384 2441 418 2461 ¹0
447 2437 565 2475 Conf.
594 2440 702 2476 ,Βίωνι
730 2436 858 2477 XXX.
914 2436 966 2474 F-

382 2496 411 2514 ¹¹
441 2497 560 2535 Conf.
593 2496 778 2547 JEgrdm
806 2497 897 2533 Dici
916 2493 1070 2532 XXlV.

384 2562 395 2580 ¹
426 2558 540 2608 Epid.
556 2556 649 2592 VH.
664 2557 755 2606 scd?-
774 2555 800 2592 i.

382 2619 398 2639 ²
429 2614 545 2655 Conf.
580 2615 668 2654 Lib.
694 2615 734 2652 de
752 2614 862 2653 Dieb.
883 2614 1012 2665 Jndic.
1048 2619 1127 2664 cap.
1148 2622 1186 2647 V.

1442 2675 1634 2710 ·C01‘Uffl
