1932 3319
372 283 512 347 -36
664 283 777 331 DE
834 281 1477 331 VIT.PER10D.

454 403 798 450 exterminavit.
870 402 1164 449 Acutiffimae
1202 399 1355 448 febres
1395 400 1442 446 in
1478 394 1752 464 Epidemia‚

455 492 601 539 quam
625 474 863 537 descripsit
887 473 1075 520 Pareira
1087 476 1123 528 ⁴,
1150 472 1356 518 excitato
1394 471 1440 517 in
1465 471 1643 519 femore
1668 469 1753 515 ab·

455 548 617 604 sceffu,
663 565 756 594 non
775 563 877 593 raro
896 545 1054 609 primo
1086 546 1162 592 die
1187 544 1489 591 defluebant:
1531 543 1758 600 similiter,
1780 584 1786 588 ,

456 637 563 684 quae
572 621 814 683 Europam
826 617 974 665 ferme
988 631 1138 665 totam
1149 617 1370 664 funerum
1382 616 1644 681 frequentia
1655 614 1758 662 vas-

457 696 575 742 tavit
590 693 907 758 pestilentialis
929 693 1030 739 lues
1047 695 1191 739 Anno
1217 709 1233 739 1
1247 693 1305 755 56
1314 708 1359 756 5,
1377 692 1496 756 saepe
1511 691 1668 756 primo
1682 689 1761 737 die

458 768 657 815 laethalis
669 766 1294 816 Mercurialimemoratur⁵2
1323 766 1438 813 item
1450 764 1760 829 etEpidemi-

458 859 569 889 cum
585 842 795 906 quodam
809 842 1077 903 Synanches
1094 858 1258 903 genus,
1271 843 1417 888 Anno
1443 857 1460 887 1
1473 857 1498 907 5
1511 856 1527 887 1
1540 838 1613 901 7⁸:
1635 838 1764 887 fimi-

458 917 520 963 lia
536 931 692 964 extant
708 916 831 979 apud
844 917 1144 962 Sennertum⁷
1156 916 1212 962 de
1228 914 1444 977 populari
1465 915 1635 962 morbo
1655 915 1762 960 An·-

462 990 509 1037 ni
542 992 685 1054 1564·
758 991 813 1036 In
849 991 983 1051 Pago
1019 990 1161 1037 Stanz
1204 989 1578 1036 Helveticorum
1602 987 1766 1034 Febris

458 1065 655 1111 tertiana
674 1064 886 1126 maligna
910 1064 1038 1111 Anni
1073 1079 1218 1124 1717,
1259 1063 1416 1126 primo
1441 1076 1521 1109 aut
1558 1062 1763 1109 secundo

460 1138 733 1201 paroxismo
781 1137 899 1200 saepe
948 1137 1195 1185 necabat⁸.
1291 1139 1409 1184 Huc
1463 1136 1576 1183 facit
1622 1138 1767 1184 etiam

462 1212 734 1275 Ephemera
756 1213 967 1276 maligna
991 1212 1037 1258 in
1063 1211 1195 1275 cujus
1222 1210 1360 1258 censu
1377 1211 1516 1259 sudor
1531 1212 1767 1275 Anglicus

466 1287 706 1334 nonnullis
725 1287 874 1333 venit.
945 1284 1190 1348 Ejusmodi
1236 1285 1542 1333 nihilominus
1583 1285 1769 1333 absolu-

465 1360 663 1407 tiffimos
699 1374 862 1407 natura
884 1360 961 1407 sua
982 1361 1156 1423 primae
1175 1360 1270 1407 diei
1297 1360 1519 1407 circuitus
1545 1361 1770 1408 Medico-

467 1449 575 1480 rum
600 1433 740 1497 plane
779 1433 917 1480 multi
958 1446 1150 1495 negant,
1187 1432 1318 1494 quod
1352 1432 1505 1480 feciffe
1531 1434 1772 1482 Galenum

467 1506 694 1554 diximus.
787 1506 1001 1565 Etenim,
1050 1522 1215 1553 eorum
1255 1504 1461 1568 judicio,
1505 1507 1771 1555 verosimile

469 1579 535 1625 est
569 1581 791 1627 morbum
818 1578 1016 1643 jamque
1061 1578 1372 1642 superioribus
1398 1579 1584 1637 diebus,
1633 1582 1773 1628 laneo

469 1653 602 1699 velut
641 1656 779 1717 pede,
829 1670 1011 1716 aegrum
1052 1652 1293 1709 obsediffe,
1353 1669 1443 1700 nec
1493 1669 1633 1711 certe,
1672 1668 1773 1702 tarn

472 1727 604 1773 brevi
633 1727 878 1773 morbifica
924 1725 1156 1789 principia
1196 1725 1395 1789 superari
1432 1728 1559 1789 posse
1586 1740 1773 1792 putant.

470 1802 651 1848 Verum
671 1817 782 1847 cum
800 1815 1016 1864 oporteat
1041 1800 1316 1847 morborum
1336 1802 1552 1848 omnium
1570 1803 1772 1867 descrip-

476 1876 627 1922 tiones
655 1876 698 1922 in
720 1876 903 1922 easdem
938 1890 1151 1922 accurate
1173 1877 1300 1939 leges
1328 1877 1492 1924 cadere
1515 1895 1695 1936 omnes,
1720 1891 1776 1926 ut

475 1950 561 1998 rite
581 1966 744 1996 eorum
759 1950 954 2013 periodi,
973 1964 1018 1996 et
1037 1950 1294 1997 durationis
1315 1967 1526 2015 tempora
1546 1953 1774 2011 constent,

477 2039 526 2071 et
547 2041 656 2071 cum
683 2022 979 2071 manifestum
1000 2025 1154 2072 morbi
1171 2025 1480 2088 principium,
1512 2026 1777 2091 cujusmodi

480 2101 527 2148 in
565 2099 757 2163 reliquis
795 2100 1038 2156 sumimus,
1082 2100 1388 2148 nictihemero
1424 2103 1679 2166 aliquando
1703 2104 1775 2150 in—

482 2174 714 2230 cludatur,
775 2173 839 2219 nil
885 2188 1031 2231 vetat,
1100 2173 1377 2237 quominus,
1444 2175 1776 2224 absolutisfima

483 2263 676 2311 quoque
726 2248 1005 2294 morborum
1046 2245 1228 2311 judicia
1271 2247 1316 2292 in
1362 2248 1566 2310 primam
1608 2250 1776 2298 cadere

525 2446 544 2464 ⁴
572 2443 619 2480 In
638 2442 750 2493 Epid.
771 2443 906 2495 Camp.
937 2446 1049 2484 Nova
1067 2460 1158 2483 vera
1177 2445 1279 2483 Med.
1300 2446 1440 2499 Exper.
1468 2457 1552 2498 cap.
1574 2446 1701 2487 xxvii.

532 2508 544 2529 ⁵
574 2504 749 2552 DcP‘st.
770 2506 803 2542 I.

529 2563 546 2585 ‘²
574 2563 709 2612 Forest.
730 2563 816 2614 Οὐχὶ
836 2565 936 2602 Mad.
967 2565 1054 2604 Lib.
1073 2565 1149 2603 VI.
1178 2565 1263 2617 Obs.
1286 2581 1321 2605 2.

531 2628 546 2651 7
578 2626 636 2661 De
655 2623 739 2661 Feb.
769 2624 856 2660 Lib.
876 2625 951 2663 IV.

531 2684 545 2707 ⁸
575 2684 848 2723 Zinuncrman.
876 2686 948 2738 Op.
968 2689 1032 2726 cit.
1062 2683 1159 2726 Tem.
1179 2686 1235 2725 Π.
1263 2686 1353 2729 Αἰν.
1371 2688 1479 2739 Gaas.
1499 2688 1568 2727 El.

1651 2747 1778 2810 poffe
