1975 3343
1337 254 1505 334 [xv]

181 403 420 472 imperio,
472 404 534 455 ab
580 402 926 476 antiquiffima
966 403 1322 456 verofimiliter
1369 405 1506 457 inter

182 486 422 543 homines
460 490 809 544 observatione
850 492 1094 562 profe&a‚
1137 506 1253 545 tum
1280 495 1341 545 ab
1366 494 1505 564 Hip-

180 594 389 650 pocrate
414 581 631 655 plusque
650 582 819 634 adhuc
838 581 1144 634 feraciffimo
1167 583 1352 635 Galeni
1363 584 1505 654 judi—

180 670 262 723 cio
314 688 575 737 exornata,
630 694 825 745 nupera
867 673 1160 726 etiamnum
1209 674 1505 745 aliquorum

178 760 425 814 industria
441 764 820 827 inclaruerunt,
852 783 973 815 cum
1001 784 1076 828 ea,
1106 764 1342 835 inquam,
1371 765 1508 815 mul-

177 861 296 906 tum
333 854 503 906 adhuc
548 855 824 908 dubietatis
861 854 914 906 in
959 853 1007 907 se
1044 856 1285 917 habeant,
1329 869 1507 906 manet

179 953 357 996 tamen
405 947 597 998 Aerem
632 946 817 1000 Vitam
861 945 1171 999 animalium
1233 943 1504 1007 custodire,

178 1040 485 1105 tantamque
506 1037 567 1087 ab
597 1055 778 1087 eorum
804 1033 1073 1088 nativitate
1100 1033 1253 1086 Aeris
1288 1031 1507 1102 potesta—

181 1130 288 1172 tem
304 1143 398 1192 pro
425 1127 618 1176 tuenda
645 1126 772 1178 Vita
815 1123 1070 1186 interesse,
1112 1125 1211 1175 five
1238 1142 1295 1174 ea
1321 1121 1508 1173 Vitam

179 1228 303 1261 cum
323 1216 457 1263 Aere
487 1217 702 1271 ducant,
746 1216 845 1267 five
873 1215 927 1264 in
955 1219 1170 1272 Aerem,
1201 1212 1340 1280 quod
1369 1212 1509 1264 Vitae

177 1310 353 1362 nocet,
382 1297 707 1357 emmittant‚
732 1309 792 1349 ut
813 1296 911 1348 five
933 1296 1149 1348 istorum
1175 1299 1507 1362 alterutrum,

180 1388 282 1441 five
308 1402 594 1461 utrumque
636 1387 789 1439 simul
814 1387 1031 1447 eveniat,
1079 1388 1166 1440 vix
1204 1388 1424 1441 dubium
1452 1391 1510 1445 fit

179 1478 364 1532 Vitam
389 1498 514 1532 cum
538 1481 673 1529 Aere
701 1476 973 1530 communi
999 1496 1137 1531 nexu
1160 1477 1456 1532 consociari.

247 1641 370 1698 XII.
408 1645 606 1697 Annon
631 1662 754 1714 ergo
781 1641 873 1694 sub
900 1642 1044 1714 gravi
1070 1641 1218 1694 Aeris
1259 1663 1504 1699 commu-

175 1733 393 1798 tatione,
434 1733 586 1786 fimul
622 1746 673 1785 et
717 1731 887 1804 gravis
914 1731 970 1784 in
998 1732 1123 1784 Vita
1145 1736 1502 1787 commutatio

177 1823 423 1885 instabit?
489 1825 607 1875 Hoc
630 1822 845 1895 quidem
872 1821 1158 1875 videndum
1181 1822 1282 1874 est:
1323 1844 1509 1876 verum

178 1917 378 1969 etenim
423 1916 545 1968 dato
588 1915 746 1967 etiam
792 1915 1065 1967 communi
1107 1914 1203 1967 isto
1239 1917 1408 1979 Aeris,
1459 1929 1510 1968 et

177 2004 324 2056 Vitae
344 2023 500 2068 nexu,
544 2004 766 2076 superest
788 2003 956 2068 adhuc
976 2003 1195 2076 Aliquid
1221 2004 1276 2056 in
1302 2005 1510 2057 vivente

180 2096 412 2157 animali,
453 2097 591 2168 quod
615 2096 744 2149 Aeri
788 2095 1112 2147 confimilem
1153 2096 1207 2146 in
1247 2097 1357 2165 ejus
1385 2095 1512 2147 Vita

182 2186 592 2238 mutabilitatem
634 2200 820 2236 arceat.
911 2188 1051 2237 Illud
1090 2186 1303 2256 quidem
1352 2183 1512 2237 multi

182 2272 768 2345 Hypermechanicum,
813 2285 865 2324 et
907 2291 1032 2324 cum
1070 2273 1219 2325 nullo
1270 2274 1509 2345 perspec-

182 2377 358 2417 tarum
406 2364 461 2415 in
501 2363 701 2417 Phifica
741 2364 932 2415 virium
978 2383 1182 2436 genere,
1239 2383 1508 2436 eompara-

183 2454 288 2523 bile
329 2453 587 2524 judicant.
675 2455 792 2507 Nec
844 2467 978 2506 certe
1022 2454 1206 2527 aliquis
1258 2455 1311 2507 in
1364 2456 1508 2509 hunc

184 2544 347 2616 usque
367 2544 506 2597 diem
526 2544 658 2598 illud
681 2556 913 2599 accurate
934 2544 1350 2617 circumscripfit.
1393 2547 1509 2611 Sed,

341 2651 362 2684 1
1168 2662 1188 2681 r
1428 2648 1509 2686 tot
