1975 3343
404 243 430 261 f
1336 219 1358 298 [
1398 223 1488 276 xiii
1526 219 1550 293 ]

296 371 398 424 VI.
452 368 571 424 Post
620 389 755 444 quae,
819 369 1191 422 ordinatissima
1242 370 1552 421 Morborum

225 476 478 533 tempora,
521 461 840 524 accefiiones,
889 460 1157 522 circuitus,
1204 474 1254 513 et
1283 460 1430 523 fines,
1472 461 1548 511 la·

225 550 328 602 tius
355 569 459 622 quo
487 550 776 621 potuimus,
816 569 877 602 ex
903 549 1111 602 Medica
1141 548 1368 601 Historia
1409 548 1556 599 omni

227 637 602 691 describimus:
646 636 825 710 hisque
878 657 1001 690 cum
1047 638 1385 710 Hippocratis
1431 637 1559 688 doc-

226 728 360 781 trina
386 729 608 795 collatis,
640 730 1012 781 alterutrorum
1040 729 1220 791 fidem,
1259 725 1558 780 alterutrius

227 818 528 871 auAEtOritate
573 814 971 872 confirmamus.
1076 819 1266 891 Neque
1310 817 1453 868 enim
1499 816 1559 867 ab

227 904 565 977 Hippocratis
594 921 764 972 aetate,
791 909 930 980 quod
958 907 1115 959 multi
1137 905 1387 969 scribunt,
1409 905 1561 956 Mor-

184 1067 190 1074 «
229 995 417 1050 borum
462 997 680 1064 incefl'us
724 1011 959 1052 mutatus
1006 996 1095 1059 est,
1138 1017 1304 1069 neque
1354 1016 1380 1048 a
1425 993 1564 1047 vario

230 1086 506 1158 regionum
532 1093 719 1162 positu,
762 1104 851 1143 aut
878 1090 1137 1143 usitatiore
1173 1087 1414 1140 medendi
1443 1085 1565 1138 rati-

234 1194 351 1234 one,
392 1197 510 1243 quae
537 1180 743 1249 propria
785 1180 1104 1231 Morborum
1142 1175 1283 1236 sunt,
1332 1175 1567 1225 multum

238 1262 435 1336 aliquid
463 1263 721 1316 delentur.
774 1327 780 1333 „

313 1442 442 1495 VII.
483 1444 740 1496 Praeterea
774 1461 898 1494 cum
928 1443 1187 1494 nonnulla
1221 1444 1282 1495 de
1307 1443 1573 1515 Principio

242 1536 490 1587 morbum
540 1535 782 1598 faciente,
854 1536 991 1587 unde
1043 1549 1188 1588 tanta
1230 1537 1574 1606 Nuperorum

242 1626 587 1678 controversia
637 1628 840 1690 exarsit,
883 1626 1089 1696 praefari
1137 1647 1243 1679 non
1263 1647 1400 1679 unus
1441 1627 1575 1679 inter

247 1715 580 1770 scribendum
609 1718 753 1770 locus
781 1715 1082 1790 postularet,
1123 1737 1232 1771 rem
1260 1718 1436 1788 paucis
1456 1718 1573 1770 atti-

249 1810 446 1880 gimus,
489 1812 859 1884 contra-&aque
885 1810 1211 1884 Pathologiae
1244 1812 1417 1864 omnis
1459 1813 1577 1867 fun-

246 1901 485 1952 damenta
510 1901 748 1955 dedimus
776 1922 788 1954 t
834 1901 1018 1974 hisque
1049 1903 1272 1956 alteram
1287 1902 1435 1955 Libri
1461 1901 1575 1954 Pri-

249 1993 323 2045 mi
349 2008 548 2065 partem
574 1996 906 2050 absolvimus.

323 2176 471 2227 VIII.
510 2177 679 2246 Igitur
707 2180 847 2248 quod
876 2191 1013 2230 certa
1040 2177 1236 2231 constet
1282 2177 1336 2228 in
1373 2177 1579 2230 Morbis

252 2262 590 2333 periodorum
619 2264 721 2326 lex,
763 2264 900 2336 iique
942 2263 1079 2318 statis
1109 2264 1410 2317 circuitibus
1438 2278 1489 2317 et
1515 2265 1580 2316 fi·-

256 2353 408 2405 nibus
461 2367 814 2417 coerceantur,
881 2374 998 2426 quae
1041 2352 1257 2407 istorum
1301 2354 1486 2407 similia
1526 2355 1582 2407 in

256 2443 379 2496 sarm
449 2444 658 2497 homine
708 2444 967 2509 eveniant,
1038 2444 1375 2518 subsequente
1424 2446 1587 2499 Libro

260 2537 602 2608 quaefivimus.
680 2539 855 2614 Qare
890 2538 1099 2591 diurnos
1145 2540 1396 2591 Motuurn
1442 2539 1584 2593 Vitae

262 2614 528 2692 circuitus,
591 2627 904 2693 menstrqu
959 2643 1010 2683 et
1088 2648 1307 2696 annum,
1373 2642 1425 2680 et
1493 2631 1583 2701 qui

1371 2718 1523 2771 illoru
1570 2738 1585 2745 ⁴
