1932 3319
428 310 497 354 44
665 293 782 343 DE
839 293 1463 344 VIT.PERIOD.

427 427 646 474 octavu5,
684 414 915 470 decimus,
958 413 1173 460 decimus
1213 424 1425 477 quartus,
1467 409 1724 476 vigefimus

427 504 640 548 octavus,
666 490 950 553 trigesimus,
976 489 1362 554 quadragesimus
1385 499 1594 544 octavus,
1623 485 1723 534 sex-

430 567 678 630 agefimus,
715 565 1051 628 octogesimus,
1081 578 1129 613 et
1153 561 1432 611 centesimus
1452 564 1488 608 ³.

493 708 555 754 C.
594 706 782 770 Qibus
809 705 975 769 capitis
1002 706 1139 752 dolor
1171 702 1420 768 incoeperit
1437 699 1599 765 primis
1622 698 1725 746 die-

424 781 531 838 bus,
573 783 751 845 quique
769 794 952 845 quarta,
977 795 1025 828 et
1043 779 1208 845 quinta
1230 779 1322 836 die,
1365 777 1516 841 magis
1552 788 1725 826 vexan-

426 869 518 914 tur,
551 855 584 902 ii
613 855 697 903 sub
715 856 961 920 septimam
985 854 1114 904 febre
1133 856 1388 904 liberantur
1408 855 1442 900 ⁸.

491 1003 559 1050 D.
606 1002 868 1052 Mitiffimae
891 1003 1040 1052 febres
1066 1040 1077 1051 .
1107 1040 1119 1052 .
1145 1040 1155 1051 .
1180 1040 1191 1049 .
1213 1014 1379 1066 quarta
1402 998 1495 1054 die,
1523 1007 1603 1044 aut
1624 994 1724 1059 pri-

424 1091 481 1123 us
506 1075 744 1123 definunt:
789 1079 996 1125 maxime
1016 1091 1176 1126 autem
1201 1078 1407 1124 laethales
1432 1085 1597 1137 quarta
1630 1069 1724 1127 die,

424 1164 508 1199 aut
537 1151 668 1215 prius
693 1151 982 1200 interficiunt
997 1161 1037 1202 4.

491 1300 550 1345 Ε.
589 1301 873 1362 Judicantur
891 1315 1050 1350 autem
1075 1301 1230 1350 febres
1255 1312 1420 1365 quarta
1443 1297 1537 1356 die,
1583 1294 1724 1358 septi·

426 1390 525 1441 ma,
562 1374 829 1431 undecima,
868 1376 1054 1424 decima
1073 1391 1256 1442 quarta,
1291 1376 1476 1422 decima
1509 1370 1723 1435 septima,

425 1449 582 1512 prima
606 1462 654 1496 et
681 1449 903 1513 vigesima
922 1453 954 1499 ⁵.

494 1596 551 1643 F.
589 1595 772 1643 Similia
819 1612 977 1652 extant
1017 1599 1063 1650 in
1093 1598 1423 1664 Prognosticis,
1475 1596 1555 1644 nifi
1593 1592 1726 1659 quod

427 1669 594 1733 primae
632 1684 679 1717 et
715 1671 955 1734 vigefimae
1000 1674 1092 1721 diei
1123 1676 1244 1731 loco,
1284 1671 1513 1736 vigefima
1548 1671 1594 1718 in
1619 1668 1724 1732 ple-

427 1742 580 1806 risque
614 1744 924 1807 Hippocratis
951 1749 1303 1811 exemplaribus
1335 1746 1562 1793 scribatur
1592 1743 1716 1790 diest

427 1815 488 1861 de
513 1833 604 1879 qua
628 1834 676 1864 re
701 1817 904 1867 inferius.
944 1822 1155 1868 Additur
1175 1822 1334 1877 etiam,
1356 1819 1483 1884 quod
1499 1817 1558 1864 ad
1579 1831 1721 1881 quar-

426 1902 490 1934 tae
515 1890 738 1937 circuitus
761 1894 978 1955 pertinet,
1028 1894 1230 1942 febrium
1259 1895 1452 1942 insultus
1497 1893 1544 1939 in
1575 1889 1722 1938 acutis

427 1964 604 2010 morbis
647 1982 730 2028 per
779 1982 1002 2031 quattuor
1044 1971 1100 2017 ad
1136 1970 1307 2033 viginti
1349 1969 1600 2024 additione,
1648 1964 1723 2011 vi-

428 2037 606 2098 gesimo
645 2038 722 2085 die
765 2042 1024 2091 terminari:
1076 2062 1228 2108 neque
1253 2044 1422 2097 horum
1460 2042 1722 2108 quidquam

429 2111 620 2174 integris
667 2115 836 2163 diebus
889 2132 1049 2166 exacte
1104 2119 1337 2167 numerari
1397 2118 1553 2182 poffe:
1607 2130 1722 2180 prQ-

430 2183 635 2248 indeque
677 2204 702 2234 a
741 2189 896 2252 prima
936 2192 1011 2238 die
1053 2193 1214 2240 animo
1251 2193 1588 2241 advertendum
1614 2189 1720 2245 effe,

428 2272 474 2305 ct
498 2274 640 2322 prout
655 2261 821 2326 finguli
839 2267 1120 2328 quaternarii
1147 2269 1400 2330 adduntur,
1426 2265 1720 2321 consideran-

474 2447 491 2464 ²
520 2442 634 2491 Epid·
655 2445 685 2481 Ῑ.
701 2448 793 2495 siff?-
812 2447 867 2486 lli.

477 2507 492 2529 3
523 2503 565 2537 In
586 2503 672 2540 Lib.
693 2508 733 2542 de
752 2508 881 2555 chdz'c.
910 2524 992 2561 cap.
1013 2509 1053 2549 fi.

472 2568 492 2589 ⁴
519 2565 609 2600 Loc.
628 2566 689 2601 cit.

474 2628 487 2649 ⁵
518 2621 604 2660 Lib.
622 2624 683 2661 cit.
711 2638 793 2675 cap.
810 2640 849 2665 v,

1571 2699 1687 2750 dum
1707 2716 1718 2746 ε
1736 2718 1739 2719 ’
