1932 3319
433 281 521 328 162
691 282 801 330 DE
846 283 1031 331 vrT.
1091 282 1481 355 PERroD.

512 429 586 475 13·
618 408 838 462 Chronici
866 427 912 462 et
937 415 1180 478 periculos]
1206 415 1373 471 morbi,
1413 414 1610 463 minimo
1632 412 1718 461 ali-

428 485 541 533 cubi
568 489 772 534 excitato
799 487 1018 544 abscessu,
1046 489 1296 552 aliquando
1322 488 1548 536 sanantur.
1610 490 1718 536 Do·

430 559 554 606 lente
576 560 803 618 testiculo,
826 561 991 608 sanatae
1014 576 1202 624 repente
1223 560 1608 617 Intermittentes,
1633 575 1720 607 nec

407 622 631 696 ‘amplius
659 635 926 682 redierunt:
971 633 1348 697 Epilepticorum
1389 632 1621 688 nonnulli,
1659 631 1718 678 fi-

428 706 531 753 mili
573 710 715 756 modo
755 708 923 772 pariter
961 706 1104 754 sanati
1126 725 1137 753 ι
1184 724 1210 754 a
1250 706 1506 753 fluentibus
1548 704 1720 752 mulie·

431 778 590 827 bribus
629 782 746 846 saepe
773 783 931 845 magni
956 780 1259 830 foeminarum
1294 781 1459 837 morbi,
1493 780 1620 844 quasi
1645 778 1720 826 su·-

431 853 530 900 bito
576 857 748 902 ablati:
800 857 1018 903 stillantes
1052 857 1310 920 parciffime
1349 853 1719 910 hemorrhoides,

430 926 655 973 redeunte
696 928 796 990 post
838 928 1137 974 intermissam
1164 927 1566 981 consuetudinem,
1604 925 1719 988 pris·
1761 954 1763 956 -

430 999 530 1044 tino
571 1000 777 1061 quodam
815 1015 1029 1046 motuum
1071 1000 1249 1056 ordine,
1281 997 1480 1063 jamque
1504 998 1719 1061 despera-

430 1082 532 1115 tum
556 1086 861 1133 aegrotantem
897 1074 1150 1137 aliquando
1174 1073 1479 1120 sanaverunt:
1516 1086 1719 1135 quorum

431 1145 758 1206 exemplorum
785 1146 1032 1192 auctoritas
1058 1147 1115 1192 ab
1143 1146 1438 1209 Hippocrate
1463 1144 1509 1191 in
1532 1157 1722 1192 aetatem

431 1217 575 1280 usque
602 1220 797 1266 nostram
819 1233 1044 1283 perpetua
1063 1219 1294 1267 factorum
1319 1219 1591 1266 succeffione
1607 1235 1722 1266 con·

432 1290 560 1336 stitit.
604 1292 710 1338 Nec
736 1290 942 1355 profecto
968 1292 1014 1339 in
1035 1294 1105 1340 his
1127 1307 1173 1340 et
1192 1291 1512 1339 confimilibus
1527 1293 1723 1340 morbo-

432 1378 536 1409 rum
565 1363 896 1422 iiznatioeribus,
917 1383 1116 1428 quarum
1140 1368 1329 1413 uberior
1360 1365 1570 1412 traetatio
1593 1382 1720 1413 ano-

422 1436 505 1484 'bis
527 1438 572 1484 in
597 1439 799 1486 secundo
820 1440 969 1487 Libro
994 1440 1208 1486 facienda
1238 1440 1318 1494 est,
1346 1439 1474 1502 quod
1500 1441 1720 1489 criticum

433 1513 620 1575 proprie
640 1515 835 1571 effluxit,
862 1514 1030 1560 morbo
1055 1512 1159 1569 fuit,
1199 1526 1245 1559 et
1269 1512 1475 1569 laedenti,
1509 1514 1576 1560 uti
1600 1513 1720 1562 dici-

435 1598 526 1642 tur,
553 1587 717 1633 cauffae
740 1586 1107 1651 proportionale.

505 1750 579 1791 14.
617 1733 750 1780 Alias
774 1734 914 1781 etiam
941 1746 1159 1796 corrupta
1181 1733 1433 1780 universim
1467 1735 1719 1782 humorum

438 1807 563 1864 crasi,
606 1821 684 1854 aut
709 1808 870 1855 saltem
897 1808 1076 1863 vitiata,
1118 1807 1366 1871 morbique
1407 1809 1599 1855 materie
1625 1808 1719 1855 late

435 1894 520 1939 per
546 1892 697 1925 totum
723 1896 891 1942 corpus
927 1893 1162 1936 manante,
1200 1882 1329 1926 nulla
1362 1881 1543 1944 prorsus
1584 1882 1720 1928 inva-

437 1952 598 1998 letudo
637 1953 894 2006 suboritur3
929 1953 1002 2000 sed
1028 1955 1321 2000 connutritus
1359 1954 1405 1999 in
1437 1953 1718 2002 seneclutem

377 2058 394 2080 ψ
436 2023 593 2087 usque,
617 2026 842 2073 ineolumi
863 2027 959 2073 vita
978 2027 1167 2073 morbus
1187 2025 1345 2082 fertur,
1374 2027 1448 2073 cui
1469 2040 1718 2091 propterea

437 2115 587 2162 neque
607 2099 904 2163 judicatoriae
941 2100 1125 2166 periodi
1159 2102 1266 2147 ullae
1302 2114 1595 2164 competunt,
1636 2117 1720 2149 ne-

437 2182 529 2228 que
572 2168 667 2213 ulla
709 2168 914 2214 similiter
956 2168 1097 2215 cris15.
1168 2168 1384 2216 AEtatum
1420 2167 1720 2217 nihilominus

439 2242 775 2298 cmverfiones,
811 2259 919 2289 cum
956 2243 1066 2289 vitae
1111 2241 1322 2297 modum,
1377 2254 1423 2289 et
1450 2258 1507 2288 ex
1540 2241 1721 2305 integro

440 2331 860 2380 temperamentum
888 2321 1137 2384 aliquando
1161 2320 1429 2376 immutent,
1467 2311 1584 2384 saepe
1607 2322 1718 2369 diu·

441 2405 595 2438 turnas
619 2392 840 2456 ejusmodi
873 2395 1125 2445 fluidorum
1166 2394 1310 2451 labes,
1350 2395 1505 2442 morbi
1544 2397 1719 2444 cauffas

440 2464 531 2510 fine
580 2469 757 2526 morbo,
795 2468 1052 2532 corrigunt,
1093 2481 1140 2516 et
1181 2467 1366 2532 penitus
1407 2468 1550 2516 etiam
1589 2467 1717 2515 aufe·

440 2549 559 2584 runt.

1498 2700 1571 2751 15.
1609 2686 1716 2735 Post
