<?xml version="1.0" encoding="UTF-8"?>
<!DOCTYPE html PUBLIC "-//W3C//DTD XHTML 1.0 Transitional//EN"
    "http://www.w3.org/TR/xhtml1/DTD/xhtml1-transitional.dtd">
<html xmlns="http://www.w3.org/1999/xhtml" xml:lang="en" lang="en">
 <head>
  <title>
</title>
<meta http-equiv="Content-Type" content="text/html;charset=utf-8" />
  <meta name='ocr-system' content='tesseract 3.04.00' />
  <meta name='ocr-capabilities' content='ocr_page ocr_carea ocr_par ocr_line ocrx_word'/>
</head>
<body>
  <div class='ocr_page' id='page_1' title='image "./devitalibusperio01testuoft_0056.png"; bbox 0 0 1932 3319; ppageno 0'>
   <div class='ocr_carea' id='block_1_1' title="bbox 507 231 1542 306">
    <p class='ocr_par' dir='ltr' id='par_1_1' title="bbox 507 231 1542 306">
     <span class='ocr_line' id='line_1_1' title="bbox 507 231 1542 306; baseline 0.007 -10"><span class='ocrx_word' id='word_1_1' title='bbox 507 264 567 306; x_wconf 84' lang='lat'>14</span> <span class='ocrx_word' id='word_1_2' title='bbox 733 245 851 298; x_wconf 80' lang='lat' dir='ltr'>DE</span> <span class='ocrx_word' id='word_1_3' title='bbox 907 251 1093 301; x_wconf 86' lang='lat' dir='ltr'>v1T.</span> <span class='ocrx_word' id='word_1_4' title='bbox 1153 231 1542 304; x_wconf 70' lang='lat' dir='ltr'>P&#39;Enioo.</span> 
     </span>
    </p>
   </div>
   <div class='ocr_carea' id='block_1_2' title="bbox 497 367 1791 491">
    <p class='ocr_par' dir='ltr' id='par_1_2' title="bbox 497 367 1791 491">
     <span class='ocr_line' id='line_1_2' title="bbox 501 367 1791 439; baseline 0.007 -26"><span class='ocrx_word' id='word_1_5' title='bbox 501 367 581 415; x_wconf 84' lang='lat' dir='ltr'>tici</span> <span class='ocrx_word' id='word_1_6' title='bbox 603 379 807 418; x_wconf 84' lang='lat' dir='ltr'>tumores</span> <span class='ocrx_word' id='word_1_7' title='bbox 824 383 871 419; x_wconf 90' lang='lat' dir='ltr'>et</span> <span class='ocrx_word' id='word_1_8' title='bbox 894 371 1149 420; x_wconf 70' lang='lat' dir='ltr'>abscessus:</span> <span class='ocrx_word' id='word_1_9' title='bbox 1185 371 1269 421; x_wconf 85' lang='lat' dir='ltr'>sub</span> <span class='ocrx_word' id='word_1_10' title='bbox 1294 373 1467 437; x_wconf 82' lang='lat' dir='ltr'>quibus</span> <span class='ocrx_word' id='word_1_11' title='bbox 1482 373 1662 422; x_wconf 85' lang='lat' dir='ltr'>sanatio</span> <span class='ocrx_word' id='word_1_12' title='bbox 1683 389 1791 439; x_wconf 86' lang='lat' dir='ltr'>per-</span> 
     </span>
     <span class='ocr_line' id='line_1_3' title="bbox 497 441 671 491; baseline 0.017 -3"><span class='ocrx_word' id='word_1_13' title='bbox 497 441 671 491; x_wconf 82' lang='lat' dir='ltr'>ficitur.</span> 
     </span>
    </p>
   </div>
   <div class='ocr_carea' id='block_1_3' title="bbox 490 590 1801 1924">
    <p class='ocr_par' dir='ltr' id='par_1_3' title="bbox 490 590 1801 1924">
     <span class='ocr_line' id='line_1_4' title="bbox 564 590 1788 657; baseline 0.005 -20"><span class='ocrx_word' id='word_1_14' title='bbox 564 605 614 651; x_wconf 85' lang='lat'>3.</span> <span class='ocrx_word' id='word_1_15' title='bbox 652 590 882 640; x_wconf 86' lang='lat' dir='ltr'>Praeterea</span> <span class='ocrx_word' id='word_1_16' title='bbox 937 609 1033 657; x_wconf 85' lang='lat' dir='ltr'>qua</span> <span class='ocrx_word' id='word_1_17' title='bbox 1087 594 1163 640; x_wconf 85' lang='lat' dir='ltr'>die</span> <span class='ocrx_word' id='word_1_18' title='bbox 1205 593 1404 657; x_wconf 72' lang='lat' dir='ltr'>singulae</span> <span class='ocrx_word' id='word_1_19' title='bbox 1441 593 1788 655; x_wconf 85' lang='lat' dir='ltr'>evacuationes,</span> 
     </span>
     <span class='ocr_line' id='line_1_5' title="bbox 496 663 1789 733; baseline 0.005 -23"><span class='ocrx_word' id='word_1_20' title='bbox 496 663 808 728; x_wconf 76' lang='lat' dir='ltr'>frequentiore</span> <span class='ocrx_word' id='word_1_21' title='bbox 865 667 1024 715; x_wconf 87' lang='lat' dir='ltr'>saltem</span> <span class='ocrx_word' id='word_1_22' title='bbox 1086 668 1391 733; x_wconf 82' lang='lat' dir='ltr'>subsequente</span> <span class='ocrx_word' id='word_1_23' title='bbox 1454 668 1789 732; x_wconf 76' lang='lat' dir='ltr'>aegrotantium</span> 
     </span>
     <span class='ocr_line' id='line_1_6' title="bbox 496 740 1792 805; baseline 0.003 -21"><span class='ocrx_word' id='word_1_24' title='bbox 496 740 834 796; x_wconf 85' lang='lat' dir='ltr'>emolument0‚</span> <span class='ocrx_word' id='word_1_25' title='bbox 855 741 901 788; x_wconf 86' lang='lat' dir='ltr'>in</span> <span class='ocrx_word' id='word_1_26' title='bbox 915 743 1054 789; x_wconf 86' lang='lat' dir='ltr'>variis</span> <span class='ocrx_word' id='word_1_27' title='bbox 1073 742 1250 790; x_wconf 87' lang='lat' dir='ltr'>morbis</span> <span class='ocrx_word' id='word_1_28' title='bbox 1271 743 1574 805; x_wconf 66' lang='lat' dir='ltr'>expectandae</span> <span class='ocrx_word' id='word_1_29' title='bbox 1593 742 1698 802; x_wconf 84' lang='lat' dir='ltr'>fint,</span> <span class='ocrx_word' id='word_1_30' title='bbox 1715 741 1792 789; x_wconf 85' lang='lat' dir='ltr'>vel</span> 
     </span>
     <span class='ocr_line' id='line_1_7' title="bbox 494 815 1798 882; baseline 0.003 -22"><span class='ocrx_word' id='word_1_31' title='bbox 494 829 655 862; x_wconf 86' lang='lat' dir='ltr'>earum</span> <span class='ocrx_word' id='word_1_32' title='bbox 679 815 840 863; x_wconf 89' lang='lat' dir='ltr'>saltem</span> <span class='ocrx_word' id='word_1_33' title='bbox 865 817 1119 882; x_wconf 78' lang='lat' dir='ltr'>pleraeque,</span> <span class='ocrx_word' id='word_1_34' title='bbox 1159 818 1197 864; x_wconf 91' lang='lat' dir='ltr'>is</span> <span class='ocrx_word' id='word_1_35' title='bbox 1213 818 1368 865; x_wconf 88' lang='lat' dir='ltr'>sedulo</span> <span class='ocrx_word' id='word_1_36' title='bbox 1382 818 1651 882; x_wconf 75' lang='lat' dir='ltr'>descripsit:</span> <span class='ocrx_word' id='word_1_37' title='bbox 1690 830 1798 881; x_wconf 59' lang='lat' dir='ltr'>qua*</span> 
     </span>
     <span class='ocr_line' id='line_1_8' title="bbox 496 893 1790 958; baseline 0.002 -21"><span class='ocrx_word' id='word_1_38' title='bbox 496 903 654 938; x_wconf 83' lang='lat' dir='ltr'>tamen</span> <span class='ocrx_word' id='word_1_39' title='bbox 679 893 724 939; x_wconf 88' lang='lat' dir='ltr'>in</span> <span class='ocrx_word' id='word_1_40' title='bbox 748 910 796 939; x_wconf 89' lang='lat' dir='ltr'>re</span> <span class='ocrx_word' id='word_1_41' title='bbox 832 895 868 941; x_wconf 89' lang='lat' dir='ltr'>is</span> <span class='ocrx_word' id='word_1_42' title='bbox 904 908 1009 942; x_wconf 90' lang='lat' dir='ltr'>ante</span> <span class='ocrx_word' id='word_1_43' title='bbox 1047 895 1160 941; x_wconf 80' lang='lat' dir='ltr'>alios</span> <span class='ocrx_word' id='word_1_44' title='bbox 1201 894 1525 958; x_wconf 79' lang='lat' dir='ltr'>sapientissime</span> <span class='ocrx_word' id='word_1_45' title='bbox 1563 894 1607 941; x_wconf 86' lang='lat' dir='ltr'>se</span> <span class='ocrx_word' id='word_1_46' title='bbox 1642 895 1790 957; x_wconf 79' lang='lat' dir='ltr'>gessit,</span> 
     </span>
     <span class='ocr_line' id='line_1_9' title="bbox 496 967 1789 1033; baseline 0.002 -21"><span class='ocrx_word' id='word_1_47' title='bbox 496 968 627 1029; x_wconf 89' lang='lat' dir='ltr'>quod</span> <span class='ocrx_word' id='word_1_48' title='bbox 651 967 784 1024; x_wconf 89' lang='lat' dir='ltr'>nihil,</span> <span class='ocrx_word' id='word_1_49' title='bbox 822 970 952 1032; x_wconf 92' lang='lat' dir='ltr'>quod</span> <span class='ocrx_word' id='word_1_50' title='bbox 983 970 1194 1016; x_wconf 85' lang='lat' dir='ltr'>constans</span> <span class='ocrx_word' id='word_1_51' title='bbox 1223 982 1272 1016; x_wconf 89' lang='lat' dir='ltr'>et</span> <span class='ocrx_word' id='word_1_52' title='bbox 1289 983 1570 1033; x_wconf 80' lang='lat' dir='ltr'>perpetuum</span> <span class='ocrx_word' id='word_1_53' title='bbox 1589 969 1636 1016; x_wconf 88' lang='lat' dir='ltr'>in</span> <span class='ocrx_word' id='word_1_54' title='bbox 1660 984 1789 1015; x_wconf 90' lang='lat' dir='ltr'>mor-</span> 
     </span>
     <span class='ocr_line' id='line_1_10' title="bbox 495 1039 1785 1106; baseline 0.002 -21"><span class='ocrx_word' id='word_1_55' title='bbox 495 1039 568 1086; x_wconf 86' lang='lat' dir='ltr'>bis</span> <span class='ocrx_word' id='word_1_56' title='bbox 609 1041 734 1097; x_wconf 86' lang='lat' dir='ltr'>effet,</span> <span class='ocrx_word' id='word_1_57' title='bbox 793 1043 1080 1090; x_wconf 67' lang='lat' dir='ltr'>au&amp;oritatis</span> <span class='ocrx_word' id='word_1_58' title='bbox 1126 1044 1413 1106; x_wconf 79' lang='lat' dir='ltr'>plenissimus</span> <span class='ocrx_word' id='word_1_59' title='bbox 1457 1042 1785 1090; x_wconf 84' lang='lat' dir='ltr'>affirmaverit:</span> 
     </span>
     <span class='ocr_line' id='line_1_11' title="bbox 495 1110 1788 1180; baseline 0.002 -19"><span class='ocrx_word' id='word_1_60' title='bbox 495 1116 664 1161; x_wconf 64' lang='lat' dir='ltr'>cunc&#39;ta</span> <span class='ocrx_word' id='word_1_61' title='bbox 685 1131 798 1161; x_wconf 88' lang='lat' dir='ltr'>vero</span> <span class='ocrx_word' id='word_1_62' title='bbox 837 1118 941 1163; x_wconf 90' lang='lat' dir='ltr'>anni</span> <span class='ocrx_word' id='word_1_63' title='bbox 983 1110 1352 1180; x_wconf 83' lang='lat' dir='ltr'>tempestatibus,</span> <span class='ocrx_word' id='word_1_64' title='bbox 1391 1115 1788 1180; x_wconf 81' lang='lat' dir='ltr'>graffantibusque</span> 
     </span>
     <span class='ocr_line' id='line_1_12' title="bbox 494 1190 1789 1257; baseline 0.002 -21"><span class='ocrx_word' id='word_1_65' title='bbox 494 1190 803 1254; x_wconf 87' lang='lat' dir='ltr'>popularibus</span> <span class='ocrx_word' id='word_1_66' title='bbox 853 1193 1030 1240; x_wconf 83' lang='lat' dir='ltr'>morbis</span> <span class='ocrx_word' id='word_1_67' title='bbox 1089 1193 1442 1256; x_wconf 83' lang='lat' dir='ltr'>prudentiffirne</span> <span class='ocrx_word' id='word_1_68' title='bbox 1508 1205 1789 1257; x_wconf 87' lang='lat' dir='ltr'>contempe-</span> 
     </span>
     <span class='ocr_line' id='line_1_13' title="bbox 491 1265 1786 1334; baseline 0.004 -23"><span class='ocrx_word' id='word_1_69' title='bbox 491 1267 636 1312; x_wconf 86' lang='lat' dir='ltr'>randa</span> <span class='ocrx_word' id='word_1_70' title='bbox 659 1265 875 1313; x_wconf 87' lang='lat' dir='ltr'>sumeret.</span> <span class='ocrx_word' id='word_1_71' title='bbox 947 1269 1275 1334; x_wconf 82' lang='lat' dir='ltr'>Qamobrem</span> <span class='ocrx_word' id='word_1_72' title='bbox 1302 1269 1450 1315; x_wconf 84' lang='lat' dir='ltr'>absmt</span> <span class='ocrx_word' id='word_1_73' title='bbox 1469 1284 1632 1316; x_wconf 87' lang='lat' dir='ltr'>eorum</span> <span class='ocrx_word' id='word_1_74' title='bbox 1648 1268 1786 1332; x_wconf 86' lang='lat' dir='ltr'>judi-</span> 
     </span>
     <span class='ocr_line' id='line_1_14' title="bbox 496 1339 1785 1406; baseline 0.003 -21"><span class='ocrx_word' id='word_1_75' title='bbox 496 1339 585 1396; x_wconf 87' lang='lat' dir='ltr'>cia,</span> <span class='ocrx_word' id='word_1_76' title='bbox 628 1341 713 1404; x_wconf 89' lang='lat' dir='ltr'>qui</span> <span class='ocrx_word' id='word_1_77' title='bbox 738 1359 796 1390; x_wconf 84' lang='lat' dir='ltr'>ex</span> <span class='ocrx_word' id='word_1_78' title='bbox 819 1343 1002 1406; x_wconf 86' lang='lat' dir='ltr'>prolato</span> <span class='ocrx_word' id='word_1_79' title='bbox 1030 1358 1140 1397; x_wconf 88' lang='lat' dir='ltr'>uno,</span> <span class='ocrx_word' id='word_1_80' title='bbox 1189 1354 1268 1387; x_wconf 87' lang='lat' dir='ltr'>aut</span> <span class='ocrx_word' id='word_1_81' title='bbox 1294 1342 1435 1388; x_wconf 86' lang='lat' dir='ltr'>altero</span> <span class='ocrx_word' id='word_1_82' title='bbox 1469 1341 1785 1404; x_wconf 84' lang='lat' dir='ltr'>Hippocratis</span> 
     </span>
     <span class='ocr_line' id='line_1_15' title="bbox 492 1415 1787 1464; baseline 0.001 -1"><span class='ocrx_word' id='word_1_83' title='bbox 492 1428 623 1463; x_wconf 84' lang='lat' dir='ltr'>textu</span> <span class='ocrx_word' id='word_1_84' title='bbox 648 1416 965 1464; x_wconf 86' lang='lat' dir='ltr'>immutabiles</span> <span class='ocrx_word' id='word_1_85' title='bbox 1003 1415 1085 1462; x_wconf 79' lang='lat' dir='ltr'>sibi</span> <span class='ocrx_word' id='word_1_86' title='bbox 1111 1416 1308 1463; x_wconf 87' lang='lat' dir='ltr'>condere</span> <span class='ocrx_word' id='word_1_87' title='bbox 1335 1432 1535 1463; x_wconf 88' lang='lat' dir='ltr'>canones</span> <span class='ocrx_word' id='word_1_88' title='bbox 1562 1415 1787 1464; x_wconf 85' lang='lat' dir='ltr'>adnitun-</span> 
     </span>
     <span class='ocr_line' id='line_1_16' title="bbox 492 1490 1786 1557; baseline 0.002 -20"><span class='ocrx_word' id='word_1_89' title='bbox 492 1502 587 1546; x_wconf 89' lang='lat' dir='ltr'>tur,</span> <span class='ocrx_word' id='word_1_90' title='bbox 624 1490 796 1557; x_wconf 80' lang='lat' dir='ltr'>eosque</span> <span class='ocrx_word' id='word_1_91' title='bbox 821 1493 851 1538; x_wconf 87' lang='lat' dir='ltr'>fi</span> <span class='ocrx_word' id='word_1_92' title='bbox 877 1492 1069 1556; x_wconf 88' lang='lat' dir='ltr'>quando</span> <span class='ocrx_word' id='word_1_93' title='bbox 1094 1491 1284 1537; x_wconf 80' lang='lat' dir='ltr'>fallaces</span> <span class='ocrx_word' id='word_1_94' title='bbox 1318 1490 1659 1548; x_wconf 86' lang='lat' dir='ltr'>adinvenerint,</span> <span class='ocrx_word' id='word_1_95' title='bbox 1696 1491 1786 1539; x_wconf 82' lang='lat' dir='ltr'>fal-</span> 
     </span>
     <span class='ocr_line' id='line_1_17' title="bbox 492 1564 1784 1630; baseline 0.002 -19"><span class='ocrx_word' id='word_1_96' title='bbox 492 1564 625 1612; x_wconf 84' lang='lat' dir='ltr'>laciae</span> <span class='ocrx_word' id='word_1_97' title='bbox 665 1567 800 1613; x_wconf 72' lang='lat' dir='ltr'>simul</span> <span class='ocrx_word' id='word_1_98' title='bbox 827 1566 1207 1630; x_wconf 83' lang='lat' dir='ltr'>Hippocraticas</span> <span class='ocrx_word' id='word_1_99' title='bbox 1233 1566 1361 1628; x_wconf 83' lang='lat' dir='ltr'>leges</span> <span class='ocrx_word' id='word_1_100' title='bbox 1395 1565 1631 1612; x_wconf 81' lang='lat' dir='ltr'>incusant:</span> <span class='ocrx_word' id='word_1_101' title='bbox 1685 1582 1784 1614; x_wconf 89' lang='lat' dir='ltr'>non</span> 
     </span>
     <span class='ocr_line' id='line_1_18' title="bbox 491 1636 1801 1703; baseline 0.002 -18"><span class='ocrx_word' id='word_1_102' title='bbox 491 1639 750 1702; x_wconf 84' lang='lat' dir='ltr'>peculiares</span> <span class='ocrx_word' id='word_1_103' title='bbox 769 1639 1058 1703; x_wconf 85' lang='lat' dir='ltr'>dijudicandi</span> <span class='ocrx_word' id='word_1_104' title='bbox 1075 1653 1247 1697; x_wconf 78' lang='lat' dir='ltr'>textus,</span> <span class='ocrx_word' id='word_1_105' title='bbox 1267 1638 1505 1701; x_wconf 85' lang='lat' dir='ltr'>integrum</span> <span class='ocrx_word' id='word_1_106' title='bbox 1525 1636 1801 1702; x_wconf 77' lang='lat' dir='ltr'>perlustrari</span> 
     </span>
     <span class='ocr_line' id='line_1_19' title="bbox 490 1713 1784 1777; baseline -0.001 -15"><span class='ocrx_word' id='word_1_107' title='bbox 490 1725 537 1762; x_wconf 83' lang='lat' dir='ltr'>et</span> <span class='ocrx_word' id='word_1_108' title='bbox 561 1713 767 1760; x_wconf 87' lang='lat' dir='ltr'>conferre</span> <span class='ocrx_word' id='word_1_109' title='bbox 810 1715 1117 1777; x_wconf 81' lang='lat' dir='ltr'>Hippocratis</span> <span class='ocrx_word' id='word_1_110' title='bbox 1162 1730 1281 1776; x_wconf 89' lang='lat' dir='ltr'>opus</span> <span class='ocrx_word' id='word_1_111' title='bbox 1319 1726 1534 1775; x_wconf 86' lang='lat' dir='ltr'>oportet:</span> <span class='ocrx_word' id='word_1_112' title='bbox 1580 1713 1689 1760; x_wconf 87' lang='lat' dir='ltr'>alias</span> <span class='ocrx_word' id='word_1_113' title='bbox 1725 1716 1784 1761; x_wconf 90' lang='lat' dir='ltr'>de</span> 
     </span>
     <span class='ocr_line' id='line_1_20' title="bbox 492 1784 1784 1848; baseline 0.002 -17"><span class='ocrx_word' id='word_1_114' title='bbox 492 1784 665 1847; x_wconf 83' lang='lat' dir='ltr'>injustis</span> <span class='ocrx_word' id='word_1_115' title='bbox 692 1785 738 1832; x_wconf 88' lang='lat' dir='ltr'>in</span> <span class='ocrx_word' id='word_1_116' title='bbox 773 1785 924 1848; x_wconf 86' lang='lat' dir='ltr'>ipsum</span> <span class='ocrx_word' id='word_1_117' title='bbox 950 1787 1055 1833; x_wconf 87' lang='lat' dir='ltr'>latis</span> <span class='ocrx_word' id='word_1_118' title='bbox 1081 1784 1316 1833; x_wconf 81' lang='lat' dir='ltr'>sententiis</span> <span class='ocrx_word' id='word_1_119' title='bbox 1340 1785 1545 1848; x_wconf 88' lang='lat' dir='ltr'>plurima</span> <span class='ocrx_word' id='word_1_120' title='bbox 1578 1784 1784 1834; x_wconf 86' lang='lat' dir='ltr'>incurrat</span> 
     </span>
     <span class='ocr_line' id='line_1_21' title="bbox 490 1861 984 1924; baseline 0.004 -18"><span class='ocrx_word' id='word_1_121' title='bbox 490 1861 686 1924; x_wconf 86' lang='lat' dir='ltr'>suspicio</span> <span class='ocrx_word' id='word_1_122' title='bbox 705 1862 880 1916; x_wconf 72' lang='lat' dir='ltr'>necesse</span> <span class='ocrx_word' id='word_1_123' title='bbox 905 1861 984 1908; x_wconf 86' lang='lat' dir='ltr'>est.</span> 
     </span>
    </p>
   </div>
   <div class='ocr_carea' id='block_1_4' title="bbox 469 2005 1782 2823">
    <p class='ocr_par' dir='ltr' id='par_1_4' title="bbox 469 2005 1782 2823">
     <span class='ocr_line' id='line_1_22' title="bbox 554 2005 1780 2072; baseline 0.002 -17"><span class='ocrx_word' id='word_1_124' title='bbox 554 2026 602 2066; x_wconf 83' lang='lat'>4.</span> <span class='ocrx_word' id='word_1_125' title='bbox 641 2010 816 2072; x_wconf 87' lang='lat' dir='ltr'>Neque</span> <span class='ocrx_word' id='word_1_126' title='bbox 851 2009 1024 2056; x_wconf 85' lang='lat' dir='ltr'>etenim</span> <span class='ocrx_word' id='word_1_127' title='bbox 1060 2019 1356 2057; x_wconf 79' lang='lat' dir='ltr'>excretorum</span> <span class='ocrx_word' id='word_1_128' title='bbox 1374 2005 1668 2070; x_wconf 86' lang='lat' dir='ltr'>judicatorio</span> <span class='ocrx_word' id='word_1_129' title='bbox 1701 2009 1780 2058; x_wconf 87' lang='lat' dir='ltr'>die</span> 
     </span>
     <span class='ocr_line' id='line_1_23' title="bbox 490 2083 1779 2148; baseline 0 -17"><span class='ocrx_word' id='word_1_130' title='bbox 490 2085 740 2132; x_wconf 78' lang='lat' dir='ltr'>humorum</span> <span class='ocrx_word' id='word_1_131' title='bbox 765 2088 1095 2148; x_wconf 80' lang='lat' dir='ltr'>quantitatem,</span> <span class='ocrx_word' id='word_1_132' title='bbox 1133 2083 1197 2130; x_wconf 90' lang='lat' dir='ltr'>sat</span> <span class='ocrx_word' id='word_1_133' title='bbox 1238 2098 1479 2144; x_wconf 80' lang='lat' dir='ltr'>magnam,</span> <span class='ocrx_word' id='word_1_134' title='bbox 1517 2098 1672 2146; x_wconf 86' lang='lat' dir='ltr'>neque</span> <span class='ocrx_word' id='word_1_135' title='bbox 1712 2085 1779 2131; x_wconf 89' lang='lat' dir='ltr'>le-</span> 
     </span>
     <span class='ocr_line' id='line_1_24' title="bbox 488 2159 1782 2224; baseline -0.002 -15"><span class='ocrx_word' id='word_1_136' title='bbox 488 2162 654 2224; x_wconf 79' lang='lat' dir='ltr'>gitima</span> <span class='ocrx_word' id='word_1_137' title='bbox 676 2163 750 2209; x_wconf 86' lang='lat' dir='ltr'>die</span> <span class='ocrx_word' id='word_1_138' title='bbox 774 2162 1029 2209; x_wconf 81' lang='lat' dir='ltr'>abeuntem</span> <span class='ocrx_word' id='word_1_139' title='bbox 1067 2160 1286 2207; x_wconf 90' lang='lat' dir='ltr'>morbum</span> <span class='ocrx_word' id='word_1_140' title='bbox 1324 2159 1540 2206; x_wconf 85' lang='lat' dir='ltr'>recidivis</span> <span class='ocrx_word' id='word_1_141' title='bbox 1577 2161 1782 2208; x_wconf 85' lang='lat' dir='ltr'>modum</span> 
     </span>
     <span class='ocr_line' id='line_1_25' title="bbox 490 2233 1779 2299; baseline 0 -18"><span class='ocrx_word' id='word_1_142' title='bbox 490 2235 770 2298; x_wconf 75' lang='lat' dir='ltr'>imposuisse,</span> <span class='ocrx_word' id='word_1_143' title='bbox 806 2253 864 2282; x_wconf 83' lang='lat' dir='ltr'>ex</span> <span class='ocrx_word' id='word_1_144' title='bbox 905 2235 1004 2299; x_wconf 88' lang='lat' dir='ltr'>ejus</span> <span class='ocrx_word' id='word_1_145' title='bbox 1051 2236 1249 2282; x_wconf 66' lang='lat' dir='ltr'>lectione</span> <span class='ocrx_word' id='word_1_146' title='bbox 1298 2233 1590 2295; x_wconf 83' lang='lat' dir='ltr'>intelligitur.</span> <span class='ocrx_word' id='word_1_147' title='bbox 1677 2234 1779 2282; x_wconf 85' lang='lat' dir='ltr'>Alii</span> 
     </span>
     <span class='ocr_line' id='line_1_26' title="bbox 490 2305 1778 2372; baseline 0 -19"><span class='ocrx_word' id='word_1_148' title='bbox 490 2323 693 2371; x_wconf 88' lang='lat' dir='ltr'>namque</span> <span class='ocrx_word' id='word_1_149' title='bbox 717 2326 773 2356; x_wconf 85' lang='lat' dir='ltr'>ex</span> <span class='ocrx_word' id='word_1_150' title='bbox 797 2309 1153 2372; x_wconf 79' lang='lat' dir='ltr'>aegrotantibus,</span> <span class='ocrx_word' id='word_1_151' title='bbox 1193 2322 1311 2370; x_wconf 88' lang='lat' dir='ltr'>quos</span> <span class='ocrx_word' id='word_1_152' title='bbox 1339 2306 1570 2362; x_wconf 84' lang='lat' dir='ltr'>nominat,</span> <span class='ocrx_word' id='word_1_153' title='bbox 1607 2305 1778 2370; x_wconf 92' lang='lat' dir='ltr'>quibus</span> 
     </span>
     <span class='ocr_line' id='line_1_27' title="bbox 487 2377 1782 2447; baseline 0.001 -18"><span class='ocrx_word' id='word_1_154' title='bbox 487 2377 758 2446; x_wconf 83' lang='lat' dir='ltr'>pauciffima</span> <span class='ocrx_word' id='word_1_155' title='bbox 807 2384 1092 2447; x_wconf 85' lang='lat' dir='ltr'>judicatorio</span> <span class='ocrx_word' id='word_1_156' title='bbox 1146 2383 1241 2438; x_wconf 89' lang='lat' dir='ltr'>die,</span> <span class='ocrx_word' id='word_1_157' title='bbox 1314 2381 1522 2428; x_wconf 84' lang='lat' dir='ltr'>humoris</span> <span class='ocrx_word' id='word_1_158' title='bbox 1576 2383 1782 2431; x_wconf 85' lang='lat' dir='ltr'>excretio</span> 
     </span>
     <span class='ocr_line' id='line_1_28' title="bbox 487 2449 1779 2522; baseline -0.001 -17"><span class='ocrx_word' id='word_1_159' title='bbox 487 2459 606 2505; x_wconf 60' lang='lat' dir='ltr'>fasta</span> <span class='ocrx_word' id='word_1_160' title='bbox 629 2459 708 2514; x_wconf 87' lang='lat' dir='ltr'>est,</span> <span class='ocrx_word' id='word_1_161' title='bbox 763 2459 963 2522; x_wconf 62' lang='lat' dir='ltr'>perfeete</span> <span class='ocrx_word' id='word_1_162' title='bbox 1010 2449 1151 2507; x_wconf 84' lang='lat' dir='ltr'>sanati</span> <span class='ocrx_word' id='word_1_163' title='bbox 1193 2459 1312 2514; x_wconf 85' lang='lat' dir='ltr'>sunt,</span> <span class='ocrx_word' id='word_1_164' title='bbox 1350 2456 1498 2503; x_wconf 87' lang='lat' dir='ltr'>veluti</span> <span class='ocrx_word' id='word_1_165' title='bbox 1541 2457 1779 2520; x_wconf 87' lang='lat' dir='ltr'>Epicratis</span> 
     </span>
     <span class='ocr_line' id='line_1_29' title="bbox 487 2533 1777 2599; baseline 0 -18"><span class='ocrx_word' id='word_1_166' title='bbox 487 2534 621 2581; x_wconf 84' lang='lat' dir='ltr'>uxori</span> <span class='ocrx_word' id='word_1_167' title='bbox 647 2536 863 2599; x_wconf 82' lang='lat' dir='ltr'>contigit,</span> <span class='ocrx_word' id='word_1_168' title='bbox 889 2550 1048 2585; x_wconf 87' lang='lat' dir='ltr'>contra</span> <span class='ocrx_word' id='word_1_169' title='bbox 1071 2535 1189 2583; x_wconf 90' lang='lat' dir='ltr'>illud</span> <span class='ocrx_word' id='word_1_170' title='bbox 1213 2535 1490 2596; x_wconf 86' lang='lat' dir='ltr'>evulgatum</span> <span class='ocrx_word' id='word_1_171' title='bbox 1529 2533 1633 2580; x_wconf 89' lang='lat' dir='ltr'>satis</span> <span class='ocrx_word' id='word_1_172' title='bbox 1658 2534 1777 2581; x_wconf 89' lang='lat' dir='ltr'>inter</span> 
     </span>
     <span class='ocr_line' id='line_1_30' title="bbox 487 2610 1777 2674; baseline -0.002 -15"><span class='ocrx_word' id='word_1_173' title='bbox 487 2611 696 2659; x_wconf 87' lang='lat' dir='ltr'>medicos</span> <span class='ocrx_word' id='word_1_174' title='bbox 721 2612 960 2674; x_wconf 82' lang='lat' dir='ltr'>adagium,</span> <span class='ocrx_word' id='word_1_175' title='bbox 979 2614 1043 2659; x_wconf 80' lang='lat' dir='ltr'>nil</span> <span class='ocrx_word' id='word_1_176' title='bbox 1064 2612 1265 2660; x_wconf 79' lang='lat' dir='ltr'>modicum</span> <span class='ocrx_word' id='word_1_177' title='bbox 1291 2613 1511 2665; x_wconf 75' lang='lat' dir='ltr'>criticum3</span> <span class='ocrx_word' id='word_1_178' title='bbox 1542 2610 1619 2656; x_wconf 91' lang='lat' dir='ltr'>alii</span> <span class='ocrx_word' id='word_1_179' title='bbox 1647 2625 1777 2668; x_wconf 77' lang='lat' dir='ltr'>vero,</span> 
     </span>
     <span class='ocr_line' id='line_1_31' title="bbox 469 2684 1777 2751; baseline -0.002 -17"><span class='ocrx_word' id='word_1_180' title='bbox 469 2704 511 2741; x_wconf 74' lang='lat' dir='ltr'>-e</span> <span class='ocrx_word' id='word_1_181' title='bbox 547 2698 722 2743; x_wconf 88' lang='lat' dir='ltr'>contra,</span> <span class='ocrx_word' id='word_1_182' title='bbox 760 2686 841 2751; x_wconf 88' lang='lat' dir='ltr'>qui</span> <span class='ocrx_word' id='word_1_183' title='bbox 877 2687 1049 2751; x_wconf 88' lang='lat' dir='ltr'>pluries</span> <span class='ocrx_word' id='word_1_184' title='bbox 1094 2686 1260 2735; x_wconf 89' lang='lat' dir='ltr'>diebus</span> <span class='ocrx_word' id='word_1_185' title='bbox 1294 2685 1468 2733; x_wconf 88' lang='lat' dir='ltr'>criticis</span> <span class='ocrx_word' id='word_1_186' title='bbox 1512 2684 1777 2747; x_wconf 77' lang='lat' dir='ltr'>riguerunt,</span> 
     </span>
     <span class='ocr_line' id='line_1_32' title="bbox 657 2758 1775 2823; baseline 0.004 -17"><span class='ocrx_word' id='word_1_187' title='bbox 657 2779 679 2795; x_wconf 53' lang='grc' dir='ltr'>η</span> <span class='ocrx_word' id='word_1_188' title='bbox 1220 2773 1221 2776; x_wconf 73' lang='grc'>’</span> <span class='ocrx_word' id='word_1_189' title='bbox 1572 2758 1775 2823; x_wconf 69' lang='lat' dir='ltr'>plurima</span> 
     </span>
    </p>
   </div>
   <div class='ocr_carea' id='block_1_5' title="bbox 659 2800 681 2810">
    <p class='ocr_par' dir='ltr' id='par_1_5' title="bbox 659 2800 681 2810">
     <span class='ocr_line' id='line_1_33' title="bbox 659 2800 681 2810; baseline 0 0"><span class='ocrx_word' id='word_1_190' title='bbox 659 2800 681 2810; x_wconf 72' lang='grc' dir='ltr'>,ν</span> 
     </span>
    </p>
   </div>
  </div>
 </body>
</html>
