1932 3319
403 264 956 315 AEGROT.ET
1017 263 1216 312 ΒΑΝ.
1385 279 1447 330 37

149 384 281 452 poffe
305 384 434 432 diem
468 386 715 433 dicantur:
776 401 921 451 quare
966 384 1047 432 vix
1083 381 1294 430 similiter
1317 397 1454 428 recu-

148 450 310 498 savero
371 453 497 517 poffe
553 452 812 500 durationis
865 452 1140 500 morborum
1206 449 1451 498 intervalla

146 520 293 585 longa
335 521 446 571 serie
492 525 770 582 decrescere,
817 539 869 572 ut
913 542 1006 572 una
1039 525 1114 571 vel
1148 524 1292 570 altera
1333 523 1450 570 hora

147 596 369 645 concludi
419 610 610 662 queant,
668 598 746 643 sua
791 597 1101 645 nihilominus
1144 596 1453 660 subsequente

147 668 276 716 crise.
349 671 600 732 Propterea
634 669 770 734 hujus
797 672 889 718 loci
934 672 1038 718 sunt
1081 670 1251 717 horarii
1292 669 1450 718 morbi

146 744 302 800 multi,
341 744 548 791 erraticae
573 735 742 805 febreS,
787 747 1028 792 noeturnae
1061 758 1108 791 et
1131 745 1329 800 diurnae,
1366 759 1452 806 pa-

144 818 335 872 roxismi
358 818 586 880 hysterici,
607 819 722 866 item
739 820 996 867 acutiffima
1011 820 1101 867 alia
1111 818 1453 881 aegritudinum

146 908 338 954 genera,
376 892 525 939 veluti
550 893 876 941 intestinorum
913 894 1136 958 spasmus,
1178 909 1322 957 quem
1348 892 1450 939 suc-

150 966 349 1012 cedente
397 965 764 1015 inflammatoria
807 968 958 1015 colica
1001 969 1121 1015 intra
1158 968 1323 1014 horam
1365 966 1452 1013 ali-

148 1040 341 1104 quando
366 1039 607 1089 laethalem
626 1043 751 1093 vidit
766 1044 1071 1100 Boerhavius,
1098 1041 1314 1104 morsque
1334 1056 1452 1102 pau-

148 1117 214 1161 cis
263 1116 320 1161 ab
363 1115 564 1161 insolatu
612 1115 756 1173 horis,
819 1116 952 1180 cujus
996 1116 1271 1178 exemplum
1317 1111 1454 1159 dedit

150 1189 599 1238 Zimmermannus:
639 1188 733 1235 fere
780 1190 926 1236 etiam
965 1188 1102 1252 hujus
1143 1187 1302 1235 census
1348 1186 1454 1233 sunt

149 1261 470 1308 mesmerianae
494 1261 568 1308 seu
595 1263 877 1324 magneticae
918 1262 1052 1308 crises
1088 1259 1293 1316 famosae,
1334 1277 1455 1322 qua-

151 1352 257 1382 rum
296 1348 452 1383 tantus
497 1335 544 1380 in
588 1335 747 1381 Gallia
774 1352 936 1382 rumor
976 1333 1288 1397 superioribus
1324 1333 1454 1385 annis

152 1409 368 1466 invaluit,
428 1408 578 1456 invito
627 1409 905 1472 sapientium
960 1410 1211 1456 hominum
1250 1407 1455 1471 judicio.

152 1485 208 1532 In
233 1488 342 1540 fine,
380 1483 595 1547 plerique
632 1485 786 1531 morbi
814 1486 873 1531 ab
900 1484 1125 1531 ebrietate
1159 1496 1206 1530 et
1238 1483 1455 1546 ingluvie

152 1557 200 1604 in
246 1557 503 1603 diariorum
546 1574 799 1604 numerum
848 1558 988 1604 facile
1027 1557 1218 1611 cadunt,
1268 1572 1315 1603 et
1361 1555 1454 1603 diei

155 1644 235 1686 aut
267 1631 412 1678 nofftis
454 1632 654 1678 circuitu
698 1632 1029 1678 terminantur.
1102 1632 1220 1677 Sunt
1257 1644 1303 1676 et
1328 1629 1455 1693 apud

150 1707 502 1770 Hippocratem
518 1706 764 1770 singularia
780 1707 1110 1770 aegrotantium
1127 1706 1360 1768 exempla,
1372 1703 1454 1768 qui

153 1782 349 1829 recidivi
389 1782 434 1828 in
461 1782 644 1838 morbo,
690 1783 831 1830 unico
851 1783 953 1847 post
977 1781 1117 1830 febris
1154 1780 1352 1828 circuitu
1379 1780 1453 1826 in-.

154 1870 284 1920 tegre
308 1856 451 1903 sanati
476 1856 581 1903 sunt
596 1861 630 1904 ⁹.

229 2014 271 2044 1.
308 1997 532 2061 Evagon,
560 1998 814 2045 Diatharsis
840 1998 904 2045 fil.
940 1997 1174 2044 recidivus
1201 1995 1246 2041 in
1266 1994 1450 2050 morbo,

157 2071 402 2137 postquam
422 2071 500 2117 die
518 2087 615 2117 uno
635 2071 773 2118 febris
795 2059 1118 2127 intermisiffetss
1139 2072 1284 2116 altero
1299 2068 1454 2116 rursus

159 2146 290 2193 febre
316 2159 577 2209 correptus,
611 2146 852 2211 judicatus
871 2146 933 2193 est
950 2148 1002 2194 ¹⁰.

230 2311 275 2343 2.
315 2294 582 2341 Cleonaffis
606 2295 707 2359 post
724 2293 904 2357 judicia
929 2293 1176 2356 trigesimae
1199 2292 1307 2348 diei,
1333 2307 1454 2355 qua-

158 2371 432 2433 dragefimae
457 2384 502 2417 et
534 2371 901 2434 septuagefimae,
940 2370 1085 2433 riguit
1121 2367 1270 2416 rursus
1288 2368 1453 2420 oetua-

161 2448 338 2512 gefima
371 2446 477 2493 die:
517 2447 682 2494 Febris
707 2462 815 2493 eum
842 2445 1069 2509 corripuit
1109 2456 1243 2490 acuto.
1268 2461 1277 2488 z
1321 2443 1457 2491 urina

207 2615 224 2636 ⁹
255 2609 313 2646 De
328 2608 492 2646 maxime
512 2608 738 2657 observabili
771 2608 811 2647 in
833 2606 976 2647 morbis
996 2618 1035 2647 et
1054 2606 1210 2646 sanitate
1230 2605 1467 2658 integra‹l'=.„i

132 2671 303 2722 periodo,
334 2669 451 2708 Conf.
482 2670 569 2707 Lib.
593 2670 646 2708 11.

137 2731 141 2736 '
211 2733 246 2754 ¹0
274 2729 391 2780 Conf.
415 2731 478 2771 loc.
496 2733 555 2768 cit.
577 2728 616 2768 in
632 2730 731 2768 Litt.
752 2729 802 2767 A.

734 2784 780 2840 D
822 2797 851 2846 3
1308 2775 1470 2824 habuit
