1932 3319
379 281 472 318 100
607 265 723 314 DE
780 263 966 313 VIT.
1025 262 1413 313 PERIOD.

376 399 478 446 dies
501 399 662 446 cadere
680 412 867 463 queant,
912 396 991 444 vel
1015 395 1194 460 quaevis
1218 388 1377 442 saltem
1397 394 1494 443 dies
1517 406 1662 460 quam

355 466 595 538 'proxima
637 488 683 521 et
728 489 848 538 pene
894 471 1119 534 contigua
1173 469 1227 517 fit
1266 470 1531 518 decernenti
1577 486 1663 535 pe-
1710 506 1716 509 -

376 547 529 596 riodo.

447 707 492 740 2.
531 692 677 757 Qod
702 688 1112 755 equidemjudicia
1135 688 1272 736 unius
1296 687 1390 735 diei
1408 687 1453 734 in
1475 687 1668 733 alteram

379 758 751 822 subsequentem,
772 757 864 804 five
890 757 935 803 in
953 755 1324 810 antecedentem,
1343 752 1548 801 contrahi
1565 750 1673 815 pos·

378 831 484 887 sint,
500 845 552 878 ut
563 834 757 895 Qartae
769 828 1148 891 decimaejudicia
1168 827 1212 873 in
1225 826 1387 874 Tertia
1399 825 1582 873 decima
1594 835 1675 870 aut

382 905 566 968 Qinta
581 904 764 950 decima
778 902 1056 958 obveniant,
1099 915 1145 947 et
1165 899 1332 958 modo,
1358 913 1403 946 et
1419 898 1675 962 antiquitus
1743 920 1747 924 ’

380 977 475 1023 diet
485 992 562 1022 um
575 976 661 1021 est:
677 991 844 1038 nempe
857 975 983 1038 quod
997 974 1148 1021 morbi
1161 973 1381 1020 violentia
1397 987 1502 1019 ante
1516 976 1673 1037 Qar-

381 1061 484 1096 tam
508 1050 759 1105 decimam,
795 1050 870 1096 die
898 1066 990 1096 non
1016 1048 1094 1095 suo
1133 1061 1437 1111 aegrotantem
1456 1045 1678 1103 confode-

383 1123 462 1178 rit,
484 1121 575 1168 five
593 1123 723 1185 quod
748 1121 915 1167 strenui
942 1121 1053 1166 vitae
1078 1133 1273 1166 conatus
1292 1120 1348 1165 ad
1366 1118 1490 1164 diem
1506 1118 1678 1180 ampli-

383 1191 661 1258 us,jamque
681 1206 831 1240 morte
851 1193 1127 1240 muletatum
1147 1193 1471 1255 protraxerint.
1489 1193 1682 1239 Inenar-

382 1266 543 1312 rabilis
561 1266 736 1328 ubique
761 1264 1049 1328 possibilium
1074 1265 1212 1320 ratio,
1236 1265 1314 1311 vix
1337 1264 1596 1327 quidquam
1622 1265 1682 1312 ad

386 1332 571 1379 Medici
593 1332 852 1378 sermonem
895 1332 1096 1394 pertinet
1115 1349 1126 1377 ε
1169 1331 1273 1378 satis
1319 1330 1372 1377 s1t
1404 1331 1682 1378 morborum

389 1397 613 1446 circuitus
630 1412 674 1444 et
694 1399 809 1444 fines
824 1397 1036 1460 proprios
1049 1397 1238 1460 singulis
1259 1396 1352 1442 fere
1370 1396 1416 1442 in
1434 1398 1586 1444 mense
1605 1398 1682 1445 di-

390 1472 505 1520 ebus
525 1485 807 1535 competere,
822 1473 1094 1534 nullamque
1114 1471 1350 1518 acriticam
1370 1471 1526 1534 suapte
1547 1484 1683 1518 natu-

389 1562 440 1594 ra
455 1547 601 1604 diem,
618 1546 868 1593 universim
884 1547 1111 1592 incurrere
1133 1563 1143 1591 :
1171 1546 1300 1609 quod
1319 1546 1524 1593 Galenus
1542 1547 1685 1594 etiam

393 1619 619 1673 confefl'us
639 1620 719 1679 est,
745 1619 938 1682 postque
961 1619 1108 1681 ipsum
1136 1619 1515 1683 ingeniofiffimus
1533 1621 1682 1669 aetatis

390 1686 485 1745 suae
509 1687 756 1734 Medicus¹
783 1688 882 1734 Th.
911 1687 1190 1734 Gianninus.
1452 1707 1454 1709 ·

461 1850 508 1898 3.
559 1835 772 1883 Tametsi
821 1852 1026 1899 „eamque
1066 1835 1112 1882 in
1165 1836 1412 1899 singulares
1463 1834 1689 1900 quosdam

399 1910 515 1967 dies,
553 1912 846 1967 morborum,
895 1911 962 1957 uti
990 1911 1218 1968 scribitur,
1266 1912 1493 1958 tendentiae
1528 1909 1690 1956 cadere

395 1982 656 2040 videantur,
692 1997 831 2046 prout
851 1985 1068 2031 tertianas
1103 1997 1181 2030 aut
1203 1997 1468 2046 quartanas,
1505 1995 1551 2030 et
1583 1998 1690 2046 quae

399 2073 561 2104 carum
606 2059 856 2121 participes
889 2057 1010 2114 sunt,
1058 2058 1430 2105 exacerbationes
1475 2058 1687 2112 habent3

398 2130 461 2176 est
499 2144 656 2178 tamen
705 2131 965 2179 verosimile
990 2130 1054 2177 nil
1091 2131 1371 2194 quidquam,
1422 2130 1551 2195 quod
1586 2130 1692 2176 uni-

399 2203 568 2249 versim
615 2204 776 2251 stabile
820 2205 890 2260 fit,
939 2218 983 2250 et
1029 2205 1232 2259 firmum,
1291 2204 1482 2268 proferri
1530 2204 1689 2266 poffe:

401 2293 566 2324 verum
585 2279 750 2324 cuneta
769 2295 825 2326 ex
840 2278 1201 2342 Epidemiarum
1220 2278 1564 2325 ConstitutIOne
1580 2294 1691 2342 pro-

402 2348 503 2410 pria
527 2364 571 2395 et
595 2352 701 2397 anni
727 2353 994 2415 tempestate
1020 2350 1133 2397 sumi
1159 2365 1388 2413 oportere..
1446 2353 1556 2399 Hac
1581 2350 1694 2397 rati-

403 2437 491 2468 one
526 2422 887 2487 frequentissima
924 2424 1137 2488 alioquin
1180 2426 1403 2488 Septimae
1433 2425 1615 2490 judicia
1648 2425 1694 2471 in

794 2623 805 2641 ³
834 2620 894 2657 Dc
910 2618 1020 2668 Subst.
1037 2620 1122 2659 Coel.
1141 2630 1173 2657 et
1191 2620 1288 2657 Stell.

841 2697 850 2706 ¹
1492 2680 1691 2726 'Sextam
