1932 3319
490 265 1034 315 AEGROT.ET
1094 266 1292 314 SAN.
1480 274 1539 333 εγ

259 417 262 421 -
307 387 364 433 Β.
402 385 677 434 Nonnullos
702 385 788 434 hac
814 385 892 433 die
908 383 1150 449 judicatos
1168 384 1293 432 vidit
1314 385 1390 432 Cl.
1413 387 1544 453 Pecq

241 458 287 517 la
311 459 508 514 Cloture
532 461 579 509 in
604 462 721 527 saepe
764 462 908 510 citata
944 460 1278 525 aegrotantium
1316 461 1544 512 cohorte:

241 546 404 582 acutos
445 536 656 584 similiter
696 537 887 584 morbos
922 536 968 582 in
1015 535 1139 583 hunc
1181 534 1378 582 feliciter
1414 534 1544 583 diem

240 606 498 668 distractos,
541 624 620 658 aut
660 610 742 658 sub
786 627 843 659 eo
888 609 1029 657 febris
1064 609 1264 657 circuitu
1297 621 1546 676 pereuntes

239 683 364 740 vidit
387 685 524 750 saepe,
561 687 681 747 leeta
706 685 1007 741 Clinicorum
1030 702 1213 735 manus.
1249 716 1262 729 ο

308 853 354 894 1.
390 837 600 886 Abderae
638 836 936 885 Nicodemus
980 835 1210 899 vigesima
1256 848 1423 900 quarta
1468 835 1544 883 die

237 911 424 962 urinam
443 911 650 960 reddidit
674 911 927 976 copiosam,
979 912 1153 969 albam,
1202 912 1249 960 in
1275 929 1370 976 qua
1394 913 1545 959 multa

239 985 572 1035 subsidebant:
612 987 774 1035 sudore
815 986 1005 1051 copioso
1053 1000 1099 1033 et
1136 988 1288 1034 calido
1330 986 1546 1049 undique

239 1072 341 1108 toto
365 1077 560 1125 corpore
584 1061 796 1126 perfusus
822 1078 848 1109 a
872 1060 1003 1109 febre
1028 1060 1255 1108 liberatus
1282 1060 1360 1117 est,
1399 1072 1446 1106 et
1469 1057 1543 1121 ju-

240 1132 424 1183 dicatus
450 1138 483 1182 ¹.

307 1297 353 1330 2.
390 1281 679 1330 Adolescens
700 1281 748 1328 in
772 1280 1013 1330 Meliboea
1037 1280 1259 1343 vigesima
1274 1292 1440 1343 quarta
1465 1280 1542 1328 die

237 1370 454 1409 mortuus
481 1357 545 1404 est
556 1364 593 1402 ².

305 1523 355 1571 3.
392 1505 680 1571 Apollonius
704 1504 912 1553 Abderae
935 1505 1057 1554 circa
1072 1504 1365 1569 Vigefimam
1403 1521 1546 1570 quar-

238 1596 338 1632 tam
362 1584 514 1632 levius
536 1582 580 1630 se
604 1581 818 1632 habuit³.

305 1751 356 1793 4.
395 1732 538 1781 Circa
560 1731 856 1796 Vigefimam
882 1743 1098 1796 quartam
1116 1731 1345 1779 absceffus
1364 1731 1423 1778 ad
1443 1730 1545 1778 san«

240 1808 395 1873 guinis
420 1808 715 1873 eruptionem
734 1807 846 1856 faeti
871 1808 976 1855 sunt
994 1805 1285 1871 Antiphonti
1307 1804 1543 1852 Critobull

242 1885 387 1946 ,FU-⁴·-

540 2035 589 2080 D
662 2033 683 2079 1
753 2032 797 2078 E
868 2032 899 2077 s
1035 2029 1260 2078 XXVII.

309 2185 370 2231 A.
412 2181 644 2229 Decernit
669 2182 715 2228 in
741 2180 938 2228 circuitu
960 2180 1241 2243 imparium:
1267 2179 1453 2227 criticos
1473 2178 1527 2228 su,

242 2257 377 2306 dores
403 2254 669 2319 portendit:
714 2254 938 2302 recidivae
970 2254 1207 2301 nonnullis
1233 2253 1320 2300 hac
1346 2253 1419 2300 die
1445 2252 1544 2300 fac*

244 2345 304 2396 tte
328 2330 448 2387 sunt,
493 2329 642 2378 veluti
671 2328 998 2381 Clazomenio.

291 2495 305 2515 ¹
336 2493 449 2546 Epid.
469 2493 536 2531 ΙΠ.
551 2495 643 2544 sec‘Y.
662 2491 718 2531 iii.
750 2492 866 2543 AEgr.
885 2490 940 2544 ixf

288 2556 305 2579 2
334 2554 424 2590 Loc.
444 2556 504 2590 cit.
525 2554 641 2604 AEgr.
661 2550 741 2589 xvi.

288 2615 305 2639 ³
335 2612 451 2650 Conf.
480 2613 596 2664 AEgr.
616 2626 654 2649 v,
693 2612 784 2649 Diei
802 2611 875 2649 IV.

287 2674 307 2722 ξ
342 2672 457 2726 Epid.
485 2671 622 2724 Lstc‘l.
652 2669 691 2711 ii.
708 2669 802 2720 stat.
822 2669 877 2708 iii⁰

813 2729 859 2791 G
893 2745 926 2800 4-
1309 2727 1365 2782 Bi
1402 2723 1546 2787 Judio
