1932 3319
517 235 876 310 1NDEX
944 257 1498 309 CAPITUM.

751 395 791 442 C
862 394 910 441 A
981 393 1038 441 P.
1178 392 1269 443 VI.

364 473 756 535 Animadveissones
775 477 818 522 in
836 474 1060 537 exposttam
1083 475 1294 522 Vitalium
1312 471 1521 520 Periodo-

428 558 522 589 rum
538 544 582 590 in
591 546 658 594 AE
654 543 948 607 gratantibus,
966 559 1016 589 ex
1027 541 1296 604 Hippocrate
1307 539 1520 588 Tabulam
1590 555 1650 605 99

741 676 783 724 C
852 676 902 723 A
970 675 1027 723 P.
1164 675 1279 724 VII.

363 758 436 806 De
453 758 736 820 Hippocratis
754 758 1094 822 Pithagoreffmo
1177 822 1180 825 Δ
1561 774 1579 803 1
1591 772 1649 819 03

728 890 774 936 C
839 892 888 935 A
955 892 1008 934 P.
1150 887 1293 933 VIII.

363 970 509 1032 Destc
523 966 639 1016 ditia
660 963 977 1030 Hippocraticae
995 963 1233 1011 Medicina
1249 962 1535 1026 Simplicitate
1575 980 1592 1011 1
1604 978 1663 1010 22

594 1296 899 1350 LIBRI
965 1298 1011 1350 Ι.
1117 1296 1303 1350 PARS
1358 1295 1436 1349 ΙΙ.

369 1438 462 1486 DE
480 1436 958 1486 PERIODORUM
979 1436 1344 1483 VITALIUM
1372 1435 1447 1482 IN
1474 1432 1658 1481 MOR-

439 1515 536 1563 BIS
565 1511 1055 1565 SUCCESSIONE„
1117 1511 1486 1560 CONSENSU
1515 1498 1659 1558 MU-

434 1587 590 1637 TUO
617 1587 709 1634 ET
738 1584 1222 1633 CONSTANTIA.

786 1718 1068 1765 CAP.
1208 1718 1250 1765 1.

373 1805 443 1861 De
441 1801 741 1864 supputandis
759 1799 916 1847 Morbi
933 1799 1121 1856 Diebus,
1146 1809 1190 1845 et
1213 1797 1407 1858 Morbqst
1424 1798 1530 1845 Diei

437 1876 685 1925 Duratione
1570 1886 1584 1917 ι
1599 1886 1623 1934 3
1635 1884 1658 1934 7

776 2006 817 2053 c
886 2007 934 2053 A
1001 2007 1057 2055 P.
1194 1987 1262 2054 Π.

376 2097 446 2144 De
494 2089 819 2154 Univeijsalibus
873 2091 1065 2154 cujiffque
1117 2091 1271 2138 Morbi
1315 2089 1531 2145 Perioclis‚

474 2182 703 2229 earumque
724 2166 838 2212 inter
842 2168 896 2228 se
931 2167 1080 2212 Canen
1100 2182 1129 2212 u
1573 2174 1660 2226 145

774 2306 813 2354 C
885 2309 933 2354 A
1001 2307 1061 2355 P.
1194 2306 1267 2355 III

379 2397 450 2446 De
472 2396 627 2451 Statis,
667 2404 710 2441 et
725 2393 919 2456 propriis
955 2406 1308 2453 quorumcumque
1346 2388 1531 2435 Morbo-

477 2486 592 2525 rum,
628 2472 807 2531 quicum
830 2467 1105 2523 Morbifico,
1142 2467 1209 2528 fic
1231 2465 1357 2521 aitte,
1396 2463 1533 2510 Prin-

479 2542 618 2606 cipio,
651 2543 914 2605 junguntur,
941 2541 1156 2597 Periodis,
1193 2551 1235 2587 et
1249 2548 1460 2602 perpetua
1487 2540 1533 2583 in

478 2620 545 2666 his
569 2616 968 2680 fflppocraticorum
997 2617 1264 2664 Circuituum
1286 2614 1479 2662 Veritate
1572 2608 1663 2672 156

1468 2742 1662 2792 CAP.
