<?xml version="1.0" encoding="UTF-8"?>
<!DOCTYPE html PUBLIC "-//W3C//DTD XHTML 1.0 Transitional//EN"
    "http://www.w3.org/TR/xhtml1/DTD/xhtml1-transitional.dtd">
<html xmlns="http://www.w3.org/1999/xhtml" xml:lang="en" lang="en">
 <head>
  <title>
</title>
<meta http-equiv="Content-Type" content="text/html;charset=utf-8" />
  <meta name='ocr-system' content='tesseract 3.04.00' />
  <meta name='ocr-capabilities' content='ocr_page ocr_carea ocr_par ocr_line ocrx_word'/>
</head>
<body>
  <div class='ocr_page' id='page_1' title='image "./devitalibusperio01testuoft_0149.png"; bbox 0 0 1932 3319; ppageno 0'>
   <div class='ocr_carea' id='block_1_1' title="bbox 442 277 1496 346">
    <p class='ocr_par' dir='ltr' id='par_1_1' title="bbox 442 277 1496 346">
     <span class='ocr_line' id='line_1_1' title="bbox 442 277 1496 346; baseline 0.002 -19"><span class='ocrx_word' id='word_1_1' title='bbox 442 277 811 327; x_wconf 82' lang='lat' dir='ltr'><strong>AEGRoT.</strong></span> <span class='ocrx_word' id='word_1_2' title='bbox 866 277 978 325; x_wconf 88' lang='lat' dir='ltr'><strong>ET</strong></span> <span class='ocrx_word' id='word_1_3' title='bbox 1037 277 1237 326; x_wconf 86' lang='lat' dir='ltr'><strong>SAN.</strong></span> <span class='ocrx_word' id='word_1_4' title='bbox 1430 282 1496 346; x_wconf 69' lang='lat'><strong>89</strong></span> 
     </span>
    </p>
   </div>
   <div class='ocr_carea' id='block_1_2' title="bbox 296 463 1390 513">
    <p class='ocr_par' dir='ltr' id='par_1_2' title="bbox 296 463 1390 513">
     <span class='ocr_line' id='line_1_2' title="bbox 296 463 1390 513; baseline 0.001 -1"><span class='ocrx_word' id='word_1_5' title='bbox 296 465 343 512; x_wconf 97' lang='lat' dir='ltr'><strong>D</strong></span> <span class='ocrx_word' id='word_1_6' title='bbox 381 463 401 512; x_wconf 93' lang='grc' dir='ltr'>Ι</span> <span class='ocrx_word' id='word_1_7' title='bbox 440 465 482 512; x_wconf 87' lang='grc' dir='ltr'><strong>Ε</strong></span> <span class='ocrx_word' id='word_1_8' title='bbox 512 464 550 511; x_wconf 76' lang='lat' dir='ltr'><strong>&#39;S</strong></span> <span class='ocrx_word' id='word_1_9' title='bbox 665 464 862 512; x_wconf 85' lang='lat' dir='ltr'>XXIX.</span> <span class='ocrx_word' id='word_1_10' title='bbox 932 466 1106 513; x_wconf 93' lang='lat' dir='ltr'>XXX.</span> <span class='ocrx_word' id='word_1_11' title='bbox 1178 463 1390 513; x_wconf 86' lang='lat' dir='ltr'>XXXI.</span> 
     </span>
    </p>
   </div>
   <div class='ocr_carea' id='block_1_3' title="bbox 193 604 1498 963">
    <p class='ocr_par' dir='ltr' id='par_1_3' title="bbox 193 604 1498 963">
     <span class='ocr_line' id='line_1_3' title="bbox 260 604 1494 669; baseline 0.002 -17"><span class='ocrx_word' id='word_1_12' title='bbox 260 605 329 652; x_wconf 89' lang='lat' dir='ltr'><strong>A.</strong></span> <span class='ocrx_word' id='word_1_13' title='bbox 366 604 622 668; x_wconf 81' lang='lat' dir='ltr'><strong>Vigefimae</strong></span> <span class='ocrx_word' id='word_1_14' title='bbox 660 621 797 654; x_wconf 87' lang='lat' dir='ltr'><strong>nonae</strong></span> <span class='ocrx_word' id='word_1_15' title='bbox 831 605 925 654; x_wconf 87' lang='lat' dir='ltr'><strong>diei</strong></span> <span class='ocrx_word' id='word_1_16' title='bbox 963 606 1181 654; x_wconf 79' lang='lat' dir='ltr'><strong>recidivae</strong></span> <span class='ocrx_word' id='word_1_17' title='bbox 1206 606 1494 669; x_wconf 77' lang='lat' dir='ltr'>Hippocrati</span> 
     </span>
     <span class='ocr_line' id='line_1_4' title="bbox 196 679 1498 744; baseline 0.001 -19"><span class='ocrx_word' id='word_1_18' title='bbox 196 693 518 725; x_wconf 71' lang='lat' dir='ltr'><strong>memorantur</strong></span> <span class='ocrx_word' id='word_1_19' title='bbox 539 682 551 699; x_wconf 90' lang='lat'><em>¹</em></span> <span class='ocrx_word' id='word_1_20' title='bbox 574 696 586 725; x_wconf 73' lang='grc' dir='ltr'>ε</span> <span class='ocrx_word' id='word_1_21' title='bbox 626 695 711 724; x_wconf 89' lang='lat' dir='ltr'><strong>nec</strong></span> <span class='ocrx_word' id='word_1_22' title='bbox 736 690 860 724; x_wconf 87' lang='lat' dir='ltr'><strong>certe</strong></span> <span class='ocrx_word' id='word_1_23' title='bbox 887 679 935 724; x_wconf 93' lang='lat' dir='ltr'><strong>in</strong></span> <span class='ocrx_word' id='word_1_24' title='bbox 976 679 1188 744; x_wconf 77' lang='lat' dir='ltr'><strong>regendis</strong></span> <span class='ocrx_word' id='word_1_25' title='bbox 1218 681 1498 727; x_wconf 88' lang='lat' dir='ltr'>morborum</span> 
     </span>
     <span class='ocr_line' id='line_1_5' title="bbox 193 751 1498 816; baseline 0.002 -18"><span class='ocrx_word' id='word_1_26' title='bbox 193 752 417 815; x_wconf 83' lang='lat' dir='ltr'>periodis,</span> <span class='ocrx_word' id='word_1_27' title='bbox 463 751 623 816; x_wconf 81' lang='lat' dir='ltr'>hisque</span> <span class='ocrx_word' id='word_1_28' title='bbox 647 753 802 798; x_wconf 89' lang='lat' dir='ltr'><strong>denuo</strong></span> <span class='ocrx_word' id='word_1_29' title='bbox 841 753 1131 801; x_wconf 85' lang='lat' dir='ltr'><strong>restituendis</strong></span> <span class='ocrx_word' id='word_1_30' title='bbox 1173 754 1498 801; x_wconf 83' lang='lat' dir='ltr'><strong>observatione</strong></span> 
     </span>
     <span class='ocr_line' id='line_1_6' title="bbox 196 825 1498 891; baseline 0.001 -20"><span class='ocrx_word' id='word_1_31' title='bbox 196 842 353 873; x_wconf 87' lang='lat' dir='ltr'><strong>carere</strong></span> <span class='ocrx_word' id='word_1_32' title='bbox 401 826 499 872; x_wconf 88' lang='lat' dir='ltr'><strong>dies</strong></span> <span class='ocrx_word' id='word_1_33' title='bbox 537 826 780 883; x_wconf 79' lang='lat' dir='ltr'>debuerat,</span> <span class='ocrx_word' id='word_1_34' title='bbox 826 827 1009 873; x_wconf 81' lang='lat' dir='ltr'><strong>Galeno</strong></span> <span class='ocrx_word' id='word_1_35' title='bbox 1047 826 1209 891; x_wconf 86' lang='lat' dir='ltr'><strong>judice</strong></span> <span class='ocrx_word' id='word_1_36' title='bbox 1248 825 1498 890; x_wconf 80' lang='lat' dir='ltr'><strong>imprimis,</strong></span> 
     </span>
     <span class='ocr_line' id='line_1_7' title="bbox 193 898 1494 963; baseline 0.001 -18"><span class='ocrx_word' id='word_1_37' title='bbox 193 900 326 963; x_wconf 92' lang='lat' dir='ltr'><strong>quod</strong></span> <span class='ocrx_word' id='word_1_38' title='bbox 373 901 437 947; x_wconf 69' lang='lat' dir='ltr'><strong>ea⁴</strong></span> <span class='ocrx_word' id='word_1_39' title='bbox 473 898 689 963; x_wconf 76' lang='lat' dir='ltr'><strong>proxime</strong></span> <span class='ocrx_word' id='word_1_40' title='bbox 735 900 845 946; x_wconf 80' lang='lat' dir='ltr'><strong>effet</strong></span> <span class='ocrx_word' id='word_1_41' title='bbox 892 901 1068 947; x_wconf 81' lang='lat' dir='ltr'><strong>lunaris</strong></span> <span class='ocrx_word' id='word_1_42' title='bbox 1112 900 1336 947; x_wconf 84' lang='lat' dir='ltr'><strong>circuitus</strong></span> <span class='ocrx_word' id='word_1_43' title='bbox 1358 916 1494 947; x_wconf 90' lang='lat' dir='ltr'><strong>com-</strong></span> 
     </span>
    </p>
   </div>
   <div class='ocr_carea' id='block_1_4' title="bbox 192 973 1498 1108">
    <p class='ocr_par' dir='ltr' id='par_1_4' title="bbox 192 973 1498 1108">
     <span class='ocr_line' id='line_1_8' title="bbox 194 973 1498 1036; baseline 0.004 -19"><span class='ocrx_word' id='word_1_44' title='bbox 194 973 492 1034; x_wconf 84' lang='lat' dir='ltr'><strong>plementum</strong></span> <span class='ocrx_word' id='word_1_45' title='bbox 513 991 524 1019; x_wconf 90' lang='lat'>:</span> <span class='ocrx_word' id='word_1_46' title='bbox 570 974 629 1020; x_wconf 91' lang='lat' dir='ltr'><strong>de</strong></span> <span class='ocrx_word' id='word_1_47' title='bbox 653 990 747 1036; x_wconf 84' lang='lat' dir='ltr'><strong>qua</strong></span> <span class='ocrx_word' id='word_1_48' title='bbox 773 990 818 1020; x_wconf 89' lang='lat' dir='ltr'><strong>re</strong></span> <span class='ocrx_word' id='word_1_49' title='bbox 844 973 949 1021; x_wconf 82' lang='lat' dir='ltr'><strong>satis</strong></span> <span class='ocrx_word' id='word_1_50' title='bbox 971 974 1120 1020; x_wconf 80' lang='lat' dir='ltr'><strong>multa</strong></span> <span class='ocrx_word' id='word_1_51' title='bbox 1144 973 1348 1021; x_wconf 89' lang='lat' dir='ltr'><strong>secundo</strong></span> <span class='ocrx_word' id='word_1_52' title='bbox 1372 975 1498 1022; x_wconf 86' lang='lat' dir='ltr'><strong>libro</strong></span> 
     </span>
     <span class='ocr_line' id='line_1_9' title="bbox 192 1044 473 1108; baseline 0.004 -17"><span class='ocrx_word' id='word_1_53' title='bbox 192 1044 473 1108; x_wconf 81' lang='lat' dir='ltr'><strong>scripsnnus.</strong></span> 
     </span>
    </p>
   </div>
   <div class='ocr_carea' id='block_1_5' title="bbox 196 1178 1517 1669">
    <p class='ocr_par' dir='ltr' id='par_1_5' title="bbox 196 1178 1517 1669">
     <span class='ocr_line' id='line_1_10' title="bbox 264 1178 1497 1243; baseline 0.003 -18"><span class='ocrx_word' id='word_1_54' title='bbox 264 1180 322 1225; x_wconf 79' lang='lat' dir='ltr'><strong>B.</strong></span> <span class='ocrx_word' id='word_1_55' title='bbox 362 1178 630 1241; x_wconf 77' lang='lat' dir='ltr'><strong>Trigefiina</strong></span> <span class='ocrx_word' id='word_1_56' title='bbox 666 1179 876 1225; x_wconf 82' lang='lat' dir='ltr'><strong>decernit</strong></span> <span class='ocrx_word' id='word_1_57' title='bbox 919 1179 964 1225; x_wconf 89' lang='lat' dir='ltr'><strong>in</strong></span> <span class='ocrx_word' id='word_1_58' title='bbox 992 1178 1263 1226; x_wconf 77' lang='lat' dir='ltr'><strong>circuitibus</strong></span> <span class='ocrx_word' id='word_1_59' title='bbox 1286 1180 1497 1243; x_wconf 82' lang='lat' dir='ltr'><strong>paribus,</strong></span> 
     </span>
     <span class='ocr_line' id='line_1_11' title="bbox 196 1251 1502 1316; baseline 0.001 -17"><span class='ocrx_word' id='word_1_60' title='bbox 196 1252 474 1316; x_wconf 83' lang='lat' dir='ltr'><strong>criticosque</strong></span> <span class='ocrx_word' id='word_1_61' title='bbox 515 1253 701 1298; x_wconf 82' lang='lat' dir='ltr'><strong>sudores</strong></span> <span class='ocrx_word' id='word_1_62' title='bbox 732 1252 895 1298; x_wconf 80' lang='lat' dir='ltr'><strong>affert:</strong></span> <span class='ocrx_word' id='word_1_63' title='bbox 937 1251 1163 1298; x_wconf 73' lang='lat' dir='ltr'><strong>Similiter</strong></span> <span class='ocrx_word' id='word_1_64' title='bbox 1188 1253 1502 1316; x_wconf 83' lang='lat' dir='ltr'><strong>leucophleg-</strong></span> 
     </span>
     <span class='ocr_line' id='line_1_12' title="bbox 196 1325 1503 1390; baseline -0.001 -16"><span class='ocrx_word' id='word_1_65' title='bbox 196 1327 355 1374; x_wconf 83' lang='lat' dir='ltr'><strong>matiae</strong></span> <span class='ocrx_word' id='word_1_66' title='bbox 379 1327 632 1373; x_wconf 86' lang='lat' dir='ltr'><strong>terminum</strong></span> <span class='ocrx_word' id='word_1_67' title='bbox 660 1327 777 1371; x_wconf 82' lang='lat' dir='ltr'><strong>intra</strong></span> <span class='ocrx_word' id='word_1_68' title='bbox 802 1325 1094 1388; x_wconf 78' lang='lat' dir='ltr'><strong>trigesimum</strong></span> <span class='ocrx_word' id='word_1_69' title='bbox 1120 1326 1402 1390; x_wconf 78' lang='lat' dir='ltr'><strong>plerumque</strong></span> <span class='ocrx_word' id='word_1_70' title='bbox 1426 1328 1503 1374; x_wconf 82' lang='lat' dir='ltr'><strong>di-</strong></span> 
     </span>
     <span class='ocr_line' id='line_1_13' title="bbox 196 1397 1500 1462; baseline 0.002 -16"><span class='ocrx_word' id='word_1_71' title='bbox 196 1416 273 1446; x_wconf 85' lang='lat' dir='ltr'><strong>em</strong></span> <span class='ocrx_word' id='word_1_72' title='bbox 299 1402 464 1447; x_wconf 78' lang='lat' dir='ltr'><strong>cadere</strong></span> <span class='ocrx_word' id='word_1_73' title='bbox 503 1399 726 1460; x_wconf 86' lang='lat' dir='ltr'><strong>scriptum</strong></span> <span class='ocrx_word' id='word_1_74' title='bbox 752 1398 815 1443; x_wconf 81' lang='lat' dir='ltr'><strong>est</strong></span> <span class='ocrx_word' id='word_1_75' title='bbox 833 1401 851 1418; x_wconf 84' lang='lat'>²</span> <span class='ocrx_word' id='word_1_76' title='bbox 875 1414 884 1441; x_wconf 93' lang='lat'>:</span> <span class='ocrx_word' id='word_1_77' title='bbox 936 1397 1062 1444; x_wconf 80' lang='lat' dir='ltr'><strong>certe</strong></span> <span class='ocrx_word' id='word_1_78' title='bbox 1089 1399 1256 1444; x_wconf 78' lang='lat' dir='ltr'><strong>mensis</strong></span> <span class='ocrx_word' id='word_1_79' title='bbox 1277 1400 1500 1462; x_wconf 80' lang='lat' dir='ltr'><strong>periodus</strong></span> 
     </span>
     <span class='ocr_line' id='line_1_14' title="bbox 196 1468 1517 1536; baseline 0.002 -16"><span class='ocrx_word' id='word_1_80' title='bbox 196 1473 246 1521; x_wconf 88' lang='lat' dir='ltr'><strong>in</strong></span> <span class='ocrx_word' id='word_1_81' title='bbox 269 1473 505 1536; x_wconf 79' lang='lat' dir='ltr'><strong>utriusque</strong></span> <span class='ocrx_word' id='word_1_82' title='bbox 549 1470 678 1518; x_wconf 80' lang='lat' dir='ltr'><strong>sexus</strong></span> <span class='ocrx_word' id='word_1_83' title='bbox 713 1472 811 1517; x_wconf 79' lang='lat' dir='ltr'><strong>vita</strong></span> <span class='ocrx_word' id='word_1_84' title='bbox 834 1468 1142 1517; x_wconf 81' lang='lat' dir='ltr'><strong>observabilis</strong></span> <span class='ocrx_word' id='word_1_85' title='bbox 1169 1471 1232 1518; x_wconf 89' lang='lat' dir='ltr'><strong>est</strong></span> <span class='ocrx_word' id='word_1_86' title='bbox 1256 1490 1266 1518; x_wconf 77' lang='grc' dir='ltr'>ε</span> <span class='ocrx_word' id='word_1_87' title='bbox 1307 1475 1517 1523; x_wconf 65' lang='lat' dir='ltr'><strong>morbos.</strong></span> 
     </span>
     <span class='ocr_line' id='line_1_15' title="bbox 197 1545 1503 1614; baseline 0.002 -19"><span class='ocrx_word' id='word_1_88' title='bbox 197 1548 311 1595; x_wconf 88' lang='lat' dir='ltr'><strong>item</strong></span> <span class='ocrx_word' id='word_1_89' title='bbox 340 1546 568 1594; x_wconf 86' lang='lat' dir='ltr'><strong>constanti</strong></span> <span class='ocrx_word' id='word_1_90' title='bbox 588 1546 692 1593; x_wconf 83' lang='lat' dir='ltr'><strong>satis</strong></span> <span class='ocrx_word' id='word_1_91' title='bbox 710 1546 872 1593; x_wconf 86' lang='lat' dir='ltr'><strong>ordine</strong></span> <span class='ocrx_word' id='word_1_92' title='bbox 896 1545 1052 1592; x_wconf 87' lang='lat' dir='ltr'><strong>denuo</strong></span> <span class='ocrx_word' id='word_1_93' title='bbox 1075 1560 1273 1594; x_wconf 80' lang='lat' dir='ltr'><strong>renovat</strong></span> <span class='ocrx_word' id='word_1_94' title='bbox 1295 1565 1308 1594; x_wconf 70' lang='grc' dir='ltr'>ε</span> <span class='ocrx_word' id='word_1_95' title='bbox 1334 1548 1393 1596; x_wconf 90' lang='lat' dir='ltr'><strong>de</strong></span> <span class='ocrx_word' id='word_1_96' title='bbox 1409 1566 1503 1614; x_wconf 73' lang='lat' dir='ltr'><strong>qua</strong></span> 
     </span>
     <span class='ocr_line' id='line_1_16' title="bbox 197 1621 401 1669; baseline -0.005 0"><span class='ocrx_word' id='word_1_97' title='bbox 197 1638 246 1669; x_wconf 90' lang='lat' dir='ltr'><strong>re</strong></span> <span class='ocrx_word' id='word_1_98' title='bbox 273 1621 401 1668; x_wconf 85' lang='lat' dir='ltr'><strong>alibi.</strong></span> 
     </span>
    </p>
   </div>
   <div class='ocr_carea' id='block_1_6' title="bbox 198 1767 1503 1910">
    <p class='ocr_par' dir='ltr' id='par_1_6' title="bbox 198 1767 1503 1910">
     <span class='ocr_line' id='line_1_17' title="bbox 266 1767 1503 1833; baseline 0.005 -16"><span class='ocrx_word' id='word_1_99' title='bbox 266 1771 325 1817; x_wconf 93' lang='lat' dir='ltr'><strong>C.</strong></span> <span class='ocrx_word' id='word_1_100' title='bbox 364 1769 631 1833; x_wconf 76' lang='lat' dir='ltr'><strong>Trigesima</strong></span> <span class='ocrx_word' id='word_1_101' title='bbox 655 1769 812 1832; x_wconf 85' lang='lat' dir='ltr'><strong>prima</strong></span> <span class='ocrx_word' id='word_1_102' title='bbox 837 1768 937 1815; x_wconf 84' lang='lat' dir='ltr'><strong>dies</strong></span> <span class='ocrx_word' id='word_1_103' title='bbox 957 1767 1217 1817; x_wconf 83' lang='lat' dir='ltr'><strong>decretoria</strong></span> <span class='ocrx_word' id='word_1_104' title='bbox 1237 1769 1284 1818; x_wconf 88' lang='lat' dir='ltr'><strong>in</strong></span> <span class='ocrx_word' id='word_1_105' title='bbox 1304 1770 1503 1823; x_wconf 83' lang='lat' dir='ltr'><strong>circuitu</strong></span> 
     </span>
     <span class='ocr_line' id='line_1_18' title="bbox 198 1844 1094 1910; baseline -0.004 -17"><span class='ocrx_word' id='word_1_106' title='bbox 198 1845 469 1910; x_wconf 70' lang='lat' dir='ltr'><strong>imparium,</strong></span> <span class='ocrx_word' id='word_1_107' title='bbox 507 1860 555 1892; x_wconf 86' lang='lat' dir='ltr'><strong>et</strong></span> <span class='ocrx_word' id='word_1_108' title='bbox 580 1846 766 1892; x_wconf 85' lang='lat' dir='ltr'><strong>sudores</strong></span> <span class='ocrx_word' id='word_1_109' title='bbox 787 1845 867 1891; x_wconf 82' lang='lat' dir='ltr'><strong>dat</strong></span> <span class='ocrx_word' id='word_1_110' title='bbox 892 1844 1094 1890; x_wconf 82' lang='lat' dir='ltr'><strong>criticos.</strong></span> 
     </span>
    </p>
   </div>
   <div class='ocr_carea' id='block_1_7' title="bbox 192 1989 1502 2188">
    <p class='ocr_par' dir='ltr' id='par_1_7' title="bbox 192 1989 1502 2188">
     <span class='ocr_line' id='line_1_19' title="bbox 267 1989 1500 2052; baseline 0.005 -14"><span class='ocrx_word' id='word_1_111' title='bbox 267 1995 332 2039; x_wconf 90' lang='lat' dir='ltr'><strong>D.</strong></span> <span class='ocrx_word' id='word_1_112' title='bbox 365 1990 445 2039; x_wconf 62' lang='lat' dir='ltr'><strong>&#39;Ex</strong></span> <span class='ocrx_word' id='word_1_113' title='bbox 483 1993 550 2039; x_wconf 86' lang='lat' dir='ltr'><strong>his</strong></span> <span class='ocrx_word' id='word_1_114' title='bbox 585 2010 698 2040; x_wconf 84' lang='lat' dir='ltr'><strong>vero</strong></span> <span class='ocrx_word' id='word_1_115' title='bbox 734 1993 900 2048; x_wconf 78' lang='lat' dir='ltr'><strong>acutis,</strong></span> <span class='ocrx_word' id='word_1_116' title='bbox 943 1989 1182 2052; x_wconf 77' lang='lat' dir='ltr'><strong>trigesima</strong></span> <span class='ocrx_word' id='word_1_117' title='bbox 1199 1992 1292 2049; x_wconf 89' lang='lat' dir='ltr'><strong>die,</strong></span> <span class='ocrx_word' id='word_1_118' title='bbox 1330 1995 1500 2044; x_wconf 84' lang='lat' dir='ltr'><strong>deinde</strong></span> 
     </span>
     <span class='ocr_line' id='line_1_20' title="bbox 192 2063 1502 2130; baseline 0.005 -18"><span class='ocrx_word' id='word_1_119' title='bbox 192 2066 569 2130; x_wconf 72' lang='lat' dir='ltr'><strong>quadragesima,</strong></span> <span class='ocrx_word' id='word_1_120' title='bbox 615 2067 774 2130; x_wconf 80' lang='lat' dir='ltr'><strong>postea</strong></span> <span class='ocrx_word' id='word_1_121' title='bbox 811 2064 1091 2128; x_wconf 81' lang='lat' dir='ltr'><strong>sexagefima</strong></span> <span class='ocrx_word' id='word_1_122' title='bbox 1128 2063 1311 2128; x_wconf 81' lang='lat' dir='ltr'><strong>judicia</strong></span> <span class='ocrx_word' id='word_1_123' title='bbox 1353 2072 1502 2121; x_wconf 86' lang='lat' dir='ltr'><strong>obve-</strong></span> 
     </span>
     <span class='ocr_line' id='line_1_21' title="bbox 201 2141 386 2188; baseline -0.005 0"><span class='ocrx_word' id='word_1_124' title='bbox 201 2141 335 2188; x_wconf 84' lang='lat' dir='ltr'><strong>niunt</strong></span> <span class='ocrx_word' id='word_1_125' title='bbox 353 2143 386 2187; x_wconf 89' lang='lat'><strong>³.</strong></span> 
     </span>
    </p>
   </div>
   <div class='ocr_carea' id='block_1_8' title="bbox 203 2286 1510 2425">
    <p class='ocr_par' dir='ltr' id='par_1_8' title="bbox 203 2286 1510 2425">
     <span class='ocr_line' id='line_1_22' title="bbox 270 2286 1510 2357; baseline 0.004 -22"><span class='ocrx_word' id='word_1_126' title='bbox 270 2288 330 2335; x_wconf 88' lang='lat' dir='ltr'><strong>E.</strong></span> <span class='ocrx_word' id='word_1_127' title='bbox 370 2286 645 2345; x_wconf 80' lang='lat' dir='ltr'><strong>Nonnullis,</strong></span> <span class='ocrx_word' id='word_1_128' title='bbox 688 2304 889 2351; x_wconf 86' lang='lat' dir='ltr'><strong>quorum</strong></span> <span class='ocrx_word' id='word_1_129' title='bbox 939 2291 1157 2338; x_wconf 87' lang='lat' dir='ltr'><strong>meminit</strong></span> <span class='ocrx_word' id='word_1_130' title='bbox 1183 2291 1259 2339; x_wconf 91' lang='lat' dir='ltr'><strong>Cl.</strong></span> <span class='ocrx_word' id='word_1_131' title='bbox 1297 2293 1425 2357; x_wconf 89' lang='lat' dir='ltr'><strong>Pecq</strong></span> <span class='ocrx_word' id='word_1_132' title='bbox 1465 2293 1510 2340; x_wconf 74' lang='lat' dir='ltr'><strong>la</strong></span> 
     </span>
     <span class='ocr_line' id='line_1_23' title="bbox 203 2361 1507 2425; baseline 0.007 -18"><span class='ocrx_word' id='word_1_133' title='bbox 203 2361 418 2417; x_wconf 84' lang='lat' dir='ltr'><strong>Cloture,</strong></span> <span class='ocrx_word' id='word_1_134' title='bbox 457 2361 691 2425; x_wconf 77' lang='lat' dir='ltr'><strong>judicatio</strong></span> <span class='ocrx_word' id='word_1_135' title='bbox 718 2363 803 2408; x_wconf 79' lang='lat' dir='ltr'><strong>hac</strong></span> <span class='ocrx_word' id='word_1_136' title='bbox 829 2364 904 2410; x_wconf 87' lang='lat' dir='ltr'><strong>die</strong></span> <span class='ocrx_word' id='word_1_137' title='bbox 930 2365 1052 2413; x_wconf 62' lang='lat' dir='ltr'>fasta</span> <span class='ocrx_word' id='word_1_138' title='bbox 1070 2365 1150 2414; x_wconf 85' lang='lat' dir='ltr'><strong>est.</strong></span> <span class='ocrx_word' id='word_1_139' title='bbox 1221 2366 1385 2416; x_wconf 81' lang='lat' dir='ltr'><strong>Febris</strong></span> <span class='ocrx_word' id='word_1_140' title='bbox 1414 2367 1507 2416; x_wconf 85' lang='lat' dir='ltr'><strong>his-</strong></span> 
     </span>
    </p>
   </div>
   <div class='ocr_carea' id='block_1_9' title="bbox 247 2525 959 2699">
    <p class='ocr_par' dir='ltr' id='par_1_9' title="bbox 247 2525 959 2699">
     <span class='ocr_line' id='line_1_24' title="bbox 249 2525 959 2578; baseline 0.014 -17"><span class='ocrx_word' id='word_1_141' title='bbox 249 2533 263 2551; x_wconf 72' lang='grc'>]</span> <span class='ocrx_word' id='word_1_142' title='bbox 293 2525 412 2564; x_wconf 86' lang='lat' dir='ltr'><strong>Conf.</strong></span> <span class='ocrx_word' id='word_1_143' title='bbox 446 2528 559 2578; x_wconf 77' lang='lat' dir='ltr'><strong>Epid.</strong></span> <span class='ocrx_word' id='word_1_144' title='bbox 579 2529 609 2565; x_wconf 86' lang='lat' dir='ltr'><strong>I.</strong></span> <span class='ocrx_word' id='word_1_145' title='bbox 624 2531 717 2578; x_wconf 60' lang='lat' dir='ltr'><strong>stffl.</strong></span> <span class='ocrx_word' id='word_1_146' title='bbox 739 2528 776 2566; x_wconf 87' lang='lat' dir='ltr'><strong>ii.</strong></span> <span class='ocrx_word' id='word_1_147' title='bbox 792 2530 885 2578; x_wconf 84' lang='lat' dir='ltr'><em>stat.</em></span> <span class='ocrx_word' id='word_1_148' title='bbox 906 2529 959 2572; x_wconf 83' lang='lat' dir='ltr'><strong>iii.</strong></span> 
     </span>
     <span class='ocr_line' id='line_1_25' title="bbox 247 2583 708 2635; baseline 0.009 -15"><span class='ocrx_word' id='word_1_149' title='bbox 247 2583 265 2604; x_wconf 51' lang='grc' dir='ltr'><strong>τ’</strong></span> <span class='ocrx_word' id='word_1_150' title='bbox 292 2583 408 2634; x_wconf 76' lang='lat' dir='ltr'><strong>Hz&#39;pp.</strong></span> <span class='ocrx_word' id='word_1_151' title='bbox 424 2586 464 2621; x_wconf 79' lang='lat' dir='ltr'><strong>de</strong></span> <span class='ocrx_word' id='word_1_152' title='bbox 482 2585 554 2622; x_wconf 67' lang='grc' dir='ltr'><em>[πί.</em></span> <span class='ocrx_word' id='word_1_153' title='bbox 576 2586 708 2635; x_wconf 64' lang='grc' dir='ltr'><strong>Αβὲὲῖ.</strong></span> 
     </span>
     <span class='ocr_line' id='line_1_26' title="bbox 250 2641 827 2699; baseline 0.005 -17"><span class='ocrx_word' id='word_1_154' title='bbox 250 2641 266 2682; x_wconf 71' lang='lat'><strong>{³</strong></span> <span class='ocrx_word' id='word_1_155' title='bbox 295 2642 356 2682; x_wconf 79' lang='lat' dir='ltr'><strong>De</strong></span> <span class='ocrx_word' id='word_1_156' title='bbox 371 2643 507 2682; x_wconf 63' lang='lat' dir='ltr'><strong>Dfebas</strong></span> <span class='ocrx_word' id='word_1_157' title='bbox 528 2645 655 2696; x_wconf 67' lang='lat' dir='ltr'><strong>Judic.</strong></span> <span class='ocrx_word' id='word_1_158' title='bbox 685 2660 770 2699; x_wconf 82' lang='lat' dir='ltr'><strong>cap.</strong></span> <span class='ocrx_word' id='word_1_159' title='bbox 792 2661 827 2689; x_wconf 78' lang='lat' dir='ltr'><strong>v.</strong></span> 
     </span>
    </p>
   </div>
   <div class='ocr_carea' id='block_1_10' title="bbox 1372 2717 1516 2767">
    <p class='ocr_par' dir='ltr' id='par_1_10' title="bbox 1372 2717 1516 2767">
     <span class='ocr_line' id='line_1_27' title="bbox 1372 2717 1516 2767; baseline 0.007 -1"><span class='ocrx_word' id='word_1_160' title='bbox 1372 2717 1516 2767; x_wconf 73' lang='lat' dir='ltr'><strong>terica‘</strong></span> 
     </span>
    </p>
   </div>
  </div>
 </body>
</html>
