1932 3319
454 272 1018 335 AEGROT.ET
1080 272 1279 322 SAN.
1462 291 1522 339 9¹

289 413 336 450 2·
375 398 584 447 Abderae
609 395 915 462 Apollonius,
963 392 1138 458 pluries
1172 390 1424 449 recidivus,
1449 393 1533 440 tri-

224 473 399 539 gefima
416 485 580 537 quarta
603 471 680 520 die
706 482 923 520 mortuus
948 468 1011 518 est
1028 471 1064 517 ⁴.

562 669 922 724 DIES
1080 667 1200 722 XL.

231 818 233 821 ”
293 822 359 870 A.
398 822 544 870 Hanc
570 819 780 868 fimiliter
805 818 935 865 diem
975 816 1112 879 plura
1131 814 1428 879 Epidemiwn
1461 829 1542 862 exe

227 893 453 958 emplaria
477 893 794 943 ommittunt:
841 891 930 939 alia
962 890 1142 938 addunt
1181 891 1228 938 in
1267 889 1543 937 circuitibus

227 962 418 1026 paribus
431 961 779 1026 judicantibus,
852 958 1131 1006 Decretoria
1149 957 1362 1022 profecto
1387 956 1542 1019 argui-

228 1048 305 1082 tur
330 1051 423 1082 non
443 1051 500 1082 ex
522 1051 616 1082 uno
633 1033 949 1097 Hippocratis
976 1031 1098 1088 Ιοςο,
1124 1033 1356 1096 pluraque
1375 1032 1420 1078 in
1440 1046 1547 1077 eam

232 1109 406 1156 cadunt
430 1109 617 1173 sumpta
642 1126 699 1156 ex
724 1107 1018 1170 Epidemicis
1045 1108 1327 1153 morborum
1345 1105 1544 1170 judicia.

236 1184 570 1243 Decretoriam
611 1183 676 1229 in'
699 1183 945 1228 oculorum
983 1182 1178 1239 morbis,
1221 1182 1336 1228 item
1362 1181 1408 1227 in
1435 1196 1548 1227 acu-

244 1257 323 1314 tis,
350 1270 396 1303 et
432 1256 479 1303 in
516 1255 794 1318 disenteriis,
833 1270 937 1302 tum
963 1272 1076 1301 vero
1115 1255 1367 1315 universim
1407 1255 1454 1301 in
1477 1254 1548 1301 fe-

242 1330 401 1378 brium
428 1330 645 1387 circuitu,
673 1345 778 1386 cam
803 1344 860 1374 ex
898 1329 1201 1394 Hippocrate
1227 1328 1339 1376 alibi
1364 1344 1550 1375 memo-

188 1425 192 1433 *
236 1405 464 1456 ravimus,

307 1538 363 1585 B.
401 1537 751 1598 Judicabantur
777 1548 937 1583 autem
963 1535 1138 1600 quibus
1173 1534 1292 1582 inter
1321 1534 1401 1582 has
1443 1535 1553 1583 bre-

241 1611 440 1660 viffimae
479 1613 623 1659 essent
683 1611 854 1667 febres,
896 1627 1003 1674 quae
1034 1608 1173 1673 juxta
1210 1609 1420 1656 tertianae
1446 1625 1553 1656 mo-

241 1703 343 1734 rem
397 1686 782 1734 exacerbationes
838 1685 1156 1748 patiebantur,
1228 1683 1351 1732 circa
1382 1684 1555 1748 vigesi-

245 1777 376 1808 mam
396 1760 542 1818 diem,
579 1761 793 1824 pluribus
816 1760 939 1807 circa
963 1759 1389 1824 quadrageslmam,
1429 1760 1556 1807 mul-

246 1834 306 1882 tis
350 1835 475 1882 circa
513 1835 944 1898 octuagesimam¹z
996 1851 1054 1881 ex
1078 1850 1175 1898 quo
1213 1834 1327 1881 item
1359 1834 1556 1898 Hippo-

248 1908 387 1956 cratis
433 1908 542 1955 loco
583 1907 721 1956 facile
747 1909 996 1973 conjicitur
1033 1908 1280 1955 tertianam
1305 1910 1555 1971 periodum

251 1981 311 2026 ad
338 1981 551 2044 longiora
574 1983 782 2045 protrahi
807 1982 935 2046 poffe
968 1981 1249 2028 morborum
1277 1980 1554 2027 intervalla:

250 2053 384 2117 quod
418 2057 634 2103 nonnulli
659 2072 771 2102 cum
797 2056 979 2103 Galeno
1004 2056 1050 2101 in
1085 2054 1353 2109 universum
1377 2054 1558 2102 recusa·

251 2126 367 2183 viffe
388 2127 625 2177 videntur.

324 2268 383 2317 C.
420 2269 469 2316 Si
494 2286 605 2317 vero
630 2269 776 2334 aliqui
801 2270 1044 2334 riguiffent
1070 2270 1251 2335 insuper
1271 2271 1392 2318 circa
1408 2270 1559 2334 Vige-

258 2342 440 2401 fimam,
496 2344 568 2394 his
618 2342 922 2407 judicabatur
966 2347 1158 2396 morbus
1204 2344 1563 2409 quadragesima

262 2417 339 2464 die
356 2420 387 2464 ².

308 2567 328 2590 4
354 2563 474 2601 Conf.
502 2564 620 2614 AEgr.
640 2578 678 2603 v.
707 2565 799 2603 Dici
815 2566 887 2604 IV,

310 2629 325 2647 ¹
355 2627 469 2678 Epid.
491 2625 521 2662 Ι.
536 2625 670 2677 seem.

311 2690 329 2736 ῗ
358 2687 446 2725 Lib.
467 2690 526 2724 cit.
547 2687 638 2738 seft'.
658 2684 697 2723 ii.
715 2685 810 2736 stat.
830 2684 885 2724 iii²

233 2748 237 2753 '
269 2747 272 2750 ’
363 2740 372 2747 ‘
497 2761 526 2794 2
1320 2744 1385 2791 D,
1424 2740 1572 2806 Qod
