1932 3319
473 210 565 276 176
700 208 819 262 DE
872 209 1059 260 VIT.
1117 207 1505 260 PERIOD,

463 347 706 409 gelimam,
757 343 1231 408 Qinquagefimam‚
1279 356 1326 390 et
1386 338 1748 405 Sexagefimam‚

461 420 721 486 cujusmodi
763 420 1063 485 periodorum
1100 418 1323 471 memoria
1363 419 1581 481 praeclare
1623 413 1748 477 apud

458 498 808 561 Hippocratem
834 508 987 543 extat:
1031 510 1138 558 quae
1174 494 1341 541 cuncta
1375 495 1560 555 propria
1591 489 1749 538 obser-

458 572 644 618 vatione
671 570 970 617 confirmavit
999 567 1324 631 BerengariUS.
1391 565 1474 612 Sic
1511 566 1560 612 in
1606 567 1746 612 Mar·

460 645 562 692 tino
587 646 836 693 Boleta7·um
864 645 1049 700 Nuntio,
1092 643 1166 691 cui
1201 641 1323 688 circa
1346 640 1585 687 decimam
1623 639 1750 685 diem

459 717 497 765 is
526 720 717 767 volebat
753 735 795 765 os
838 717 1024 764 incidere
1056 728 1097 765 et
1124 716 1320 779 fiffurczm
1346 713 1572 776 ampliare,
1620 710 1751 775 quod

456 808 688 855 aegrotans
716 791 963 850 recusavit,
1002 791 1194 854 rigores,
1237 788 1407 845 febres,
1436 801 1480 833 et
1507 786 1745 850 inquietu-

453 865 584 912 dines
627 867 686 911 ad
727 866 869 926 usque
895 863 1241 926 quinquaginta
1279 859 1372 906 fere
1409 859 1506 905 dies
1530 854 1746 921 petseve-

452 941 651 986 rabant:
689 936 897 984 fimiliter
921 936 1042 981 circa⁴
1067 933 1431 996 Sexagefimam,
1459 929 1750 996 Epilepliam

454 1028 565 1059 cum
588 1014 774 1059 maximo
800 1011 983 1057 omnium
1007 1009 1286 1056 membrorum
1316 1016 1498 1054 tremore
1519 1015 1560 1052 et
1587 1008 1743 1068 rigore,

459 1084 764 1148 superveniffe
787 1083 908 1130 vidit
934 1083 1101 1130 Paullo
1125 1081 1263 1129 Card.
1290 1079 1616 1142 Strigonienfis
1641 1080 1744 1127 Ne-

453 1157 568 1219 poti,
606 1156 689 1221 qui
734 1170 890 1204 tamen
926 1156 972 1202 in
1014 1155 1254 1203 sanitatem
1297 1152 1448 1210 rediit,
1497 1153 1745 1217 postquam
1785 1187 1790 1190 -

453 1231 756 1294 Berengarius
787 1230 1027 1293 ingentem
1051 1231 1340 1292 quantitatem
1365 1229 1559 1273 materiae
1581 1229 1746 1290 aquosae

451 1305 587 1352 colore
605 1306 739 1352 laHeo
766 1304 981 1361 coloratae,
999 1315 1148 1366 aperto
1165 1305 1328 1359 cranio,
1348 1318 1370 1348 e
1393 1302 1559 1349 cerebro
1576 1317 1742 1348 vacua·⁴

449 1381 589 1444 viſjet.
661 1383 728 1428 At
754 1380 832 1426 iste
858 1379 1055 1442 quidem
1084 1379 1446 1442 intemperanter
1479 1390 1582 1424 toto
1608 1393 1742 1424 cura-

451 1455 590 1503 tionis
611 1468 821 1519 tempore
845 1453 981 1513 vixit,
1029 1468 1112 1501 nec
1146 1466 1302 1500 tamen
1326 1450 1577 1515 periodum
1606 1449 1744 1514 juxta

438 1646 576 1683 tamen,
605 1646 743 1687 praeter
762 1633 838 1674 loci
869 1635 1035 1674 calorem
1061 1642 1128 1672 aut
1148 1631 1285 1684 frigus,
1313 1641 1467 1678 ventos,
1505 1632 1749 1684 politumque

430 1687 619 1746 agionis,
646 1695 807 1734 Medicis
839 1695 1002 1733 maxime
1034 1695 1082 1732 ad
1113 1692 1330 1744 prognosim
1351 1692 1678 1743 contemplabiles,
1715 1690 1748 1730 is

438 1755 519 1813 rite⁴
542 1755 653 1792 dixit.
728 1756 861 1804 Qare
893 1753 1088 1800 Bononiae‚
1144 1751 1243 1789 inter
1272 1763 1426 1789 caeteras
1458 1752 1578 1790 Italiae
1608 1749 1746 1801 urbes,

438 1816 606 1854 difficilia
626 1815 758 1867 capitis
786 1816 947 1854 vulnera
961 1814 1120 1860 censuit,
1160 1813 1251 1864 quia
1269 1829 1292 1851 a
1310 1815 1462 1851 Borcali
1474 1825 1592 1860 vento,
1615 1822 1683 1866 per
1695 1828 1748 1851 re·

435 1877 711 1913 verberationem
730 1879 910 1920 montium,
945 1875 1067 1926 quibus
1077 1878 1278 1926 propinqua
1309 1873 1366 1922 qst,
1394 1888 1456 1910 aer
1473 1873 1618 1920 efficitur
1628 1873 1749 1924 frigio

436 1938 510 1982 dus,
545 1947 578 1973 et
592 1936 765 1986 fitbtilz's:
807 1946 939 1972 contra
976 1948 1081 1980 vero,
1117 1931 1311 1978 Fenariae,
1345 1931 1490 1970 tametsi
1517 1930 1583 1968 vix
1615 1931 1752 1970 decem.

437 1995 603 2034 Gallicis
623 1994 741 2033 leucis
756 1996 890 2046 procul
921 1994 1105 2040 Bononia,
1139 1993 1223 2030 loco
1242 1990 1413 2043 undique
1436 1991 1556 2030 ventis
1571 1992 1744 2042 perflato,

435 2056 654 2095 incredibile
673 2056 725 2094 est
743 2070 860 2108 quam
880 2057 1025 2095 summa
1051 2067 1139 2093 cum
1176 2052 1356 2091 felicitate
1390 2053 1510 2091 fracta
1538 2052 1664 2104 capita
1691 2053 1745 2090 sa-

433 2125 598 2154 nentur:
632 2128 798 2166 quorum
832 2115 1031 2165 complura
1058 2112 1234 2163 exempla
1253 2111 1292 2149 in
1312 2112 1371 2150 M.
1393 2113 1443 2150 D.
1469 2113 1590 2150 Annae
1621 2112 1743 2150 Noso-

432 2175 557 2214 comio
604 2174 736 2212 habui.
801 2174 971 2213 Tametsi
1004 2173 1105 2211 enim
1124 2186 1336 2224 numquam
1370 2186 1440 2210 nec
1472 2173 1660 2210 terebram
1677 2171 1751 2210 ad-.

434 2235 640 2281 movissem,
674 2248 800 2286 neque
829 2235 1003 2281 vulnera,
1041 2233 1146 2287 quod
1183 2231 1280 2270 inter
1299 2230 1514 2283 Chirurgos
1546 2231 1658 2270 multi
1680 2232 1738 2271 fa·

434 2307 517 2332 cere
545 2295 681 2341 solent,
711 2295 995 2345 ampliaviffem,
1043 2303 1238 2346 quotquot
1278 2294 1354 2331 huc
1387 2293 1503 2345 usque
1529 2294 1576 2332 ad
1602 2304 1740 2331 manus

432 2353 561 2399 habui,
598 2355 644 2391 ad
668 2355 875 2402 sanitatem,
907 2356 990 2393 Deo
1020 2353 1143 2400 dante,
1172 2352 1351 2403 perduxi.
1407 2353 1540 2391 Plures
1567 2352 1742 2403 profecto

433 2413 545 2450 etiam
563 2413 637 2450 fine
661 2414 837 2452 iueifione
853 2427 889 2452 et
910 2414 1060 2452 terebra
1079 2412 1251 2450 similiter
1268 2413 1413 2451 sanatos
1434 2412 1531 2451 vidit
1549 2413 1739 2464 Berenga·

434 2471 526 2516 rim,
546 2473 650 2522 quod
669 2474 714 2510 de
731 2476 895 2512 ,Mat-tino
908 2474 1008 2513 inter
1023 2484 1178 2512 caeteros
1192 2473 1334 2523 scribit,
1348 2473 1543 2528 additque.
1559 2499 1570 2513 .
1588 2502 1598 2513 .
1617 2500 1629 2513 .
1647 2464 1750 2513 Vidi*

434 2540 549 2569 nutem
566 2530 627 2569 hoc
644 2536 749 2571 etiam
762 2537 798 2571 in
816 2538 914 2584 aqils,
943 2545 976 2573 et
993 2549 1045 2574 res
1060 2534 1312 2587 benesuccfft.

1529 2619 1581 2667 H
1587 2617 1723 2682 ippo-
