1932 3319
408 190 965 255 ,AEGROLET
1024 192 1223 245 SAN.
1400 210 1462 260 27

162 312 394 380 plerisque
433 311 737 368 videbuntur,
783 310 866 375 qui
911 322 990 358 aut
1030 310 1077 358 in
1103 311 1289 359 Galeno
1332 324 1459 364 totus

164 387 267 443 fuit,
313 399 392 433 aut
415 386 642 433 levissima
663 386 848 449 prorsus
873 386 931 432 ad
955 385 1261 433 minuendam
1296 402 1461 437 eorum

159 460 394 508 'librorum
418 459 742 507 auetoritatem
768 457 994 523 adjunxit.
1064 447 1309 523 Ejusniodi
1342 460 1462 510 illud

164 534 247 593 est,
272 534 402 599 quod
418 551 444 581 a
462 536 620 590 Cim'co,
639 533 770 597 cujus
790 534 834 580 in
851 548 1020 597 quarto
1033 533 1322 596 Epidemiwn
1340 535 1463 582 libro

163 610 394 657 memoria
439 623 581 664 extat,
626 622 961 670 argumentum
1007 607 1196 670 petivit,
1262 620 1316 654 ut
1349 625 1462 656 eum

163 682 339 730 librum
374 682 636 745 illegitimis
661 681 952 736 accenseret3
1002 696 1174 744 nempe
1211 683 1338 746 quod
1367 683 1462 745 Cy-

165 758 383 804 nieorum
408 757 528 804 festa
552 756 655 820 post
680 756 1029 819 Hippocratem
1047 769 1155 802 nata
1180 755 1303 803 sit¹⁸.
1348 757 1464 806 Mos

165 833 292 889 enim
319 832 628 896 Hippocratis
654 831 690 878 is
717 831 824 890 fuit,
858 844 912 878 ut
952 831 1287 894 aegrotantium
1321 831 1464 880 histo-

164 907 252 954 rias
278 908 546 962 traditurus,
586 906 794 970 singulos
819 906 899 952 suo
923 905 1134 970 quosque
1171 907 1361 955 nomine
1379 909 1466 955 de-

165 982 398 1046 signaret:
457 997 609 1046 neque
652 981 779 1028 enim
826 982 1186 1038 Democritaeos‚
1236 983 1464 1046 Pithago—

166 1074 300 1114 raeos,
359 1072 438 1105 aut
483 1057 800 1105 Heraclitaeos
850 1056 1031 1120 aliquos
1077 1057 1320 1113 nominat3
1385 1058 1466 1107 sed

167 1132 502 1194 Hipostenem,
552 1131 858 1192 Antigenem,
914 1130 1142 1186 Silenum,
1192 1131 1287 1178 &Q
1337 1132 1466 1196 sique

165 1203 367 1264 alicujus
392 1216 561 1250 nomen
587 1219 695 1249 eum
723 1202 974 1266 aliquando
998 1203 1154 1258 latuit,
1183 1203 1467 1268 plerumque

165 1291 344 1326 nomen
370 1276 511 1330 iuius,
558 1274 685 1336 apud
709 1289 852 1338 quem
879 1274 994 1319 alter
1018 1274 1242 1336 degebat,
1291 1289 1371 1323 aut
1394 1278 1465 1324 lo-

168 1363 280 1396 cum
326 1363 475 1412 quern·
525 1347 782 1404 habitabat,
833 1344 1087 1409 subjunxit.
1184 1348 1308 1395 Cum
1344 1351 1471 1398 “vero

168 1424 282 1472 alibi
322 1422 471 1470 rursus
504 1420 693 1488 alterius
741 1420 1017 1484 aegrotantis
1054 1421 1340 1481 meminerit,
1406 1425 1470 1472 ad

167 1515 312 1563 quem
338 1514 364 1543 a
393 1497 604 1562 quodam
644 1495 681 1542 is
723 1495 892 1541 duetus
929 1494 1094 1551 fuerat,
1143 1495 1306 1544 iisdem
1328 1498 1470 1562 plane

169 1573 346 1629 verbis,
371 1572 544 1636 quibus
571 1571 619 1616 in
641 1582 811 1633 quarto
827 1569 1118 1632 Epidemiwn
1141 1569 1247 1616 usus
1268 1572 1348 1628 est,
1369 1589 1475 1620 eam

168 1646 324 1694 denuo
366 1646 603 1692 historiam
648 1643 841 1707 profert,
884 1656 1067 1689 mutato
1115 1656 1297 1690 tantum
1331 1648 1472 1694 Cinici

171 1722 359 1769 nomine
385 1721 430 1768 in
453 1722 673 1783 Cinffcum.
769 1720 928 1783 Qam
954 1719 1017 1765 ob
1045 1719 1227 1764 causam
1265 1718 1471 1784 suspicor

167 1785 419 1862 repetitam
443 1797 659 1858 utrinque
684 1794 742 1841 de
776 1794 941 1840 eodem
962 1807 1217 1857 aegrotante
1238 1797 1468 1843 narratio-

171 1889 298 1928 nem,
338 1870 600 1933 cujusmodi
649 1867 982 1931 repetitionum
1020 1867 1238 1929 exempla
1277 1868 1367 1915 alia
1423 1870 1472 1918 in

170 1947 332 1995 iisdem
358 1946 487 1992 libris
533 1943 753 2006 prostant,
805 1941 1045 1988 emendari
1081 1940 1127 1988 in
1153 1954 1320 2004 quarto
1345 1944 1470 1991 libro

172 2032 406 2083 oportere,
456 2015 940 2078 restituendumque¹⁹
985 2015 1029 2061 in
1073 2013 1154 2060 isto
1195 2014 1335 2061 etiam
1381 2033 1471 2080 pro

175 2097 320 2143 Cinico
350 2095 574 2154 Ciniscum.

166 2196 171 2199 t
1211 2152 1260 2202 6.
1297 2155 1472 2219 Neque

223 2281 256 2304 ¹⁸
286 2280 404 2318 Coris.
437 2279 563 2329 Prcqf‘.
581 2280 615 2313 in
638 2275 711 2313 IV.
732 2275 846 2327 Epist?-
879 2272 975 2311 Tom.
994 2271 1049 2311 II.
1078 2272 1345 2326 e.7⁷r‘t.La14fa71.

223 2344 257 2366 ¹9
287 2340 482 2377 Caeterurn
503 2337 570 2373 vix
598 2334 710 2372 etiarn
732 2335 796 2371 Ill.
824 2334 985 2371 Hallero
1006 2331 1174 2370 dederim
1194 2333 1364 2386 Cynicos
1385 2333 1484 2386 Hip.

167 2400 334 2454 pocratis
365 2407 472 2436 aetate
505 2396 632 2435 nullm
659 2393 833 2441 extitisse,
866 2392 1006 2444 quibus
1035 2391 1065 2429 is
1096 2391 1220 2430 facere
1253 2392 1482 2432 medicinam

167 2461 359 2515 potuisset.
372 2459 460 2497 Sive
474 2458 615 2496 etenim
627 2455 814 2508 Cynicam
830 2455 963 2492 setiam
976 2452 1023 2491 ad
1041 2453 1305 2492 Anthistenem
1319 2455 1479 2501 referas,

169 2523 348 2577 quicum
367 2520 574 2570 disputaret
607 2516 646 2554 in
673 2514 884 2561 Gimnasm,
923 2513 1029 2566 quod
1062 2524 1143 2550 erat
1171 2514 1218 2551 ad
1237 2512 1480 2564 Ciues-argee,

170 2583 288 2639 paulo
307 2581 482 2634 procula
495 2577 629 2630 portis,
650 2573 930 2630 Cynicae-seAEtae
958 2571 1132 2614 conditor
1156 2587 1179 2613 a
1196 2572 1396 2613 nonnullis
1417 2575 1482 2610 ha-

1353 2634 1480 2681 betur,
