1932 3319
406 275 470 327 86
670 270 1016 323 DEVIT.
1076 268 1470 319 PERIOD.

406 397 530 445 circa
563 395 682 442 latus
729 394 969 447 dextrum,
1012 389 1177 454 peEkus
1223 401 1271 435 et
1312 399 1474 451 caput,
1515 386 1715 435 tandem

407 469 636 533 vigesima
661 467 860 515 secunda
884 466 961 512 die
979 464 1186 528 plurimo
1208 463 1333 509 circa
1358 460 1529 509 faciem
1548 461 1718 509 sudore

408 543 635 598 manavit,
679 555 724 588 et
749 557 855 611 qqae
880 540 1089 595 volebat,
1133 537 1214 585 etsi
1241 553 1336 584 non
1372 535 1543 600 absque
1569 551 1718 583 cona·

413 624 464 658 tu
505 609 806 673 loquebatur,
902 609 1143 655 Incertum
1162 621 1219 651 ex
1243 603 1443 651 historiae
1478 606 1719 660 contextu,

414 694 471 726 an
496 694 554 726 ex
577 692 632 724 eo
657 689 870 740 tempore
896 673 1048 721 adhuc
1072 672 1240 721 vixerit
1260 675 1294 719 ³.

484 842 535 883 4.
570 825 791 873 Larissaea
816 825 1069 887 Puerpera‚
1106 822 1165 869 de
1198 836 1289 884 qua
1311 817 1438 876 alibi,
1475 815 1722 880 Vigefima=

426 898 626 945 secunda
673 901 731 945 ab
759 898 1092 960 Hemorragiae
1138 892 1387 959 principio,
1447 888 1746 939 verofimili-›

421 986 492 1019 ter
515 972 645 1020 omni
671 971 854 1036 prorsus
878 971 1049 1018 morbo
1072 968 1214 1017 evafit
1231 977 1271 1014 4.

727 1129 776 1177 D
847 1132 868 1178 I
939 1129 983 1176 E
1054 1129 1085 1174 S
1230 1126 1430 1176 XXIII.

496 1270 560 1320 A.
597 1271 777 1318 Extant
823 1271 949 1335 apud
990 1269 1344 1334 Hippocratem
1394 1266 1555 1316 fatales
1595 1263 1733 1330 hujus

431 1345 525 1393 diei
546 1345 714 1392 exitus.

508 1504 552 1535 1.
590 1484 835 1535 Theodori
856 1484 945 1532 Fil.
973 1494 1124 1531 morte
1151 1481 1360 1531 sublatus
1383 1483 1447 1531 est
1470 1482 1556 1530 hac
1578 1482 1654 1529 die
1675 1489 1714 1532 1,

505 1642 551 1674 2.
593 1626 822 1673 Similiter
846 1638 892 1672 et
908 1625 1298 1688 Hermoptolemi
1323 1627 1482 1682 Uxor,
1509 1636 1741 1690 quantum

439 1718 496 1750 ex
524 1702 724 1750 historiae
749 1714 972 1750 contextu
1002 1713 1192 1764 apparet
1205 1704 1241 1749 Ζ.

743 1880 791 1925 D
863 1877 884 1923 I
956 1876 999 1923 E
1070 1878 1100 1924 S
1238 1877 1432 1926 XXIV.

510 2018 575 2065 A.
613 2017 760 2063 Hane
786 2015 915 2062 diem
938 2017 1150 2064 nonnulli
1174 2016 1360 2064 codices
1386 2015 1568 2064 addunt
1593 2014 1745 2067 circu-

447 2092 589 2139 itibus
615 2093 804 2156 paribus
830 2092 1115 2142 decretoriis.
1187 2092 1379 2140 Nullibi
1414 2104 1570 2139 tamen
1596 2091 1748 2140 critici

446 2169 637 2215 sudores
679 2167 816 2230 hujus
860 2167 972 2227 diei,
1025 2169 1154 2233 quod
1179 2185 1272 2231 ego
1298 2168 1495 2233 quidem
1521 2167 1748 2226 viderim,

447 2243 741 2306 Hippocrati
765 2242 1032 2301 laudantur,
1059 2244 1493 2309 tametfifingularis
1519 2240 1748 2307 ejusmodi

449 2318 574 2380 apud
600 2320 665 2364 D.
694 2320 867 2365 Senem
887 2318 1076 2366 historia
1099 2319 1259 2368 exstet.

496 2479 512 2502 3
540 2478 647 2531 Epiri
660 2477 837 2530 VH.stH
854 2495 891 2518 v·

496 2542 515 2564 4
543 2538 663 2576 Conf.
682 2538 784 2590 AEgr.
805 2541 859 2579 iv.
888 2544 978 2582 Dici
993 2543 1049 2583 H⁰

499 2598 512 2616 1
542 2598 909 2652 Ep2·d.V11.s0022¹.i„
1027 2590 1030 2594 ’

497 2655 515 2696 3
550 2657 712 2701 Loacit.

1516 2719 1571 2766 B.
1610 2719 1752 2780 Non-.-
