1932 3319
404 291 499 340 130
636 275 752 327 DE
808 275 1433 326 VIT.PERIOD.

400 409 598 457 Noviffe
622 409 814 473 quidem
839 408 928 454 tale
954 407 1227 464 misterium,
1259 407 1342 455 vix
1359 407 1538 464 dubito,
1564 417 1701 454 caute

402 497 561 530 tamen
603 483 907 547 usurpaviffe‚
945 499 1148 546 eamque
1189 482 1442 529 universim
1482 480 1700 529 medendi

401 558 617 621 regulam
643 557 852 613 tenuiffe,
894 573 1003 620 quae
1041 573 1134 603 non
1178 555 1400 619 oppositis
1446 555 1705 602 rationibus

404 634 634 689 constans,
674 635 854 680 bonum
879 649 1019 682 omne
1045 633 1345 688 subtraheret,
1383 630 1478 678 sola
1507 630 1554 677 in
1590 628 1707 693 aegri

401 709 657 771 perniciem
679 708 961 755 auxiliorum
988 708 1105 755 inter
1123 707 1165 753 se
1190 705 1481 771 oppofitione
1507 718 1707 751 conver-

405 781 467 828 sa.
537 782 676 828 Certe
704 795 748 828 et
774 795 980 828 aromata
1019 782 1076 827 ad
1110 780 1288 827 suffitus
1322 778 1550 837 adhibuit,
1584 794 1708 841 prae-

408 856 546 919 cipue
580 855 628 902 in
669 856 976 903 foeminarum
1018 855 1212 909 morbis,
1255 855 1300 901 in
1337 854 1499 917 hisque
1547 851 1709 900 cinna-

408 946 578 985 mom),
610 931 743 985 casia,
771 944 816 975 et
843 930 1015 975 mirrha
1039 930 1144 975 usus
1168 929 1231 974 est
1265 930 1317 985 ¹⁶,
1361 942 1462 975 tum
1488 941 1535 975 et
1559 943 1710 991 vapo-
1746 925 1750 929 ’

408 1003 537 1050 ribus
563 1020 620 1049 ex
644 1003 878 1067 sulphure,
927 1016 974 1050 et
998 1002 1251 1061 bitumine,
1301 1016 1347 1050 et
1371 1016 1519 1050 natro.

488 1168 563 1199 10.
602 1154 779 1200 Praeter
802 1168 926 1217 quae,
960 1152 1224 1215 potentiora
1247 1153 1399 1199 adhuc
1426 1150 1633 1199 remedia
1665 1150 1713 1197 in

414 1225 716 1271 Pdedicinam
749 1226 969 1273 invexisse
995 1243 1052 1273 ex
1081 1227 1285 1282 interno,
1313 1242 1458 1290 quem
1474 1224 1714 1289 praescrip-

415 1300 485 1355 fit,
513 1301 841 1348 cantharidum
864 1302 943 1348 usu
962 1315 1172 1365 apparet.
1221 1302 1303 1349 Est
1327 1301 1502 1348 etenim
1521 1300 1568 1347 in
1588 1300 1711 1348 libro

414 1375 475 1421 de
494 1376 635 1422 Victu
653 1379 923 1424 Acutorum
951 1378 1194 1440 inscriptO,
1221 1376 1514 1440 Hydropicis
1532 1376 1716 1424 condu-

417 1466 526 1496 cens
543 1453 674 1513 potio
693 1468 747 1498 ex
768 1451 1116 1499 cantharidibus
1140 1451 1287 1497 tribus
1313 1452 1522 1498 detracto
1541 1451 1714 1514 capite,

416 1525 634 1586 pedibus,
678 1540 725 1572 et
759 1526 861 1573 alis.
934 1527 1211 1573 Laudantur
1244 1525 1385 1572 etiam
1426 1525 1541 1572 alibi
1561 1527 1597 1551 ⁸³
1629 1524 1716 1571 tri-

419 1611 498 1654 tae,
539 1599 747 1664 vinoque
785 1601 998 1657 subactae,
1044 1601 1277 1665 subdique
1295 1601 1351 1648 ad
1383 1600 1500 1647 uteri
1540 1616 1716 1663 purga-

419 1680 637 1713 mentum
669 1667 928 1731 jubentur:
978 1682 1301 1715 memorantur
1339 1681 1385 1715 et
1410 1668 1457 1714 in
1488 1667 1613 1717 libro
1659 1667 1718 1714 de

422 1738 821 1804 Superfoetatione
838 1746 887 1790 ¹⁴.

495 1897 572 1930 11.
633 1884 822 1931 Niultus
864 1884 1049 1947 insuper
1086 1883 1324 1931 nonnullis
1371 1885 1430 1931 de
1480 1883 1722 1948 perspeeto

426 1952 716 2018 Hippocrati
741 1958 854 2020 Opii
875 1958 957 2003 usu
980 1960 1029 2013 ⁸⁸,
1067 1957 1214 2004 sermo
1235 1958 1474 2021 utrimque
1500 1957 1720 2020 agitatur.

430 2028 619 2076 Doloris
656 2029 851 2093 quidem
872 2031 1141 2094 pharmaca,
1188 2046 1336 2094 eaque
1362 2030 1562 2077 innocue
1598 2030 1721 2077 som·

429 2120 543 2150 num
598 2106 896 2168 procurantia
952 2107 1010 2153 ab
1071 2123 1128 2153 eo
1190 2107 1441 2153 laudantur
1462 2104 1513 2162 “,
1571 2121 1721 2170 eaque

480 2307 512 2326 ¹2
541 2303 658 2342 Conf.
677 2305 733 2342 Le
754 2304 881 2354 Clerc,
915 2308 979 2344 loc.
1001 2311 1062 2346 cit.

485 2365 518 2388 ¹³
548 2365 639 2402 Lib.
659 2366 692 2402 I.
717 2367 778 2403 De
797 2367 919 2405 Morb.
940 2368 1038 2404 M'ul.
1112 2367 1231 2405 Hunc
1251 2376 1378 2404 tamen
1400 2366 1542 2405 librum
1574 2379 1663 2405 cum
1681 2364 1732 2404 se-

426 2423 556 2462 cundo
574 2427 620 2461 ab
635 2426 919 2476 Hippocraticis
936 2429 1108 2466 douores
1129 2427 1252 2468 critici
1273 2429 1470 2480 ablegunt.

481 2484 515 2508 ¹⁴
542 2483 670 2533 Hujus
700 2482 830 2523 itidem
853 2486 941 2524 libri
972 2487 1115 2525 summe
1132 2487 1250 2527 dubia
1271 2489 1321 2526 est
1342 2486 1560 2527 auetoritas.
1616 2483 1730 2523 Conf.

428 2539 587 2578 Gruner
605 2543 702 2591 Ce7gs.
720 2544 846 2594 Script.
872 2546 1046 2597 fflppocr·

478 2606 510 2628 ³⁵
540 2602 673 2640 Alston
688 2606 764 2652 Effi
778 2605 965 2645 d’Ed:·mb.
998 2607 1092 2646 Tem.
1110 2607 1164 2646 V}

479 2664 513 2687 ³⁶
540 2666 583 2702 In
598 2665 704 2704 Libr.
724 2668 764 2705 de
781 2667 914 2717 Affi·c7.

1546 2724 1727 2774 ratione

1904 3075 1932 3319 mesa-mn„
1914 2954 1932 3065 ,ΜΨ
1918 2923 1924 2929 ψ-
1919 2903 1929 2912 2
1913 2883 1919 2890 ·
