1932 3319
450 244 545 290 160
678 241 799 291 DE
856 243 1044 292 VIT.
1103 244 1496 296 PERIOD.

439 373 580 425 cent:
627 393 781 441 neque
807 376 939 433 item,
983 377 1067 440 qui
1092 379 1277 426 acribus
1297 392 1343 427 et
1367 383 1613 432 nar‘coticis
1639 382 1728 433 ad-

436 442 593 490 suetus
617 444 697 503 est,
740 461 765 490 a
790 459 961 505 magna
997 444 1110 490 licet
1145 445 1373 509 assumpta
1414 451 1727 500 consimilium

433 519 772 582 principiorum
793 519 1054 582 quantitate
1069 518 1206 566 facile
1231 521 1434 569 laeditur.
1462 525 1586 572 Item
1610 543 1727 590 epu—

433 592 565 639 lones
590 607 638 640 et
663 593 863 640 bibones
887 593 1032 640 rarius
1056 593 1264 658 aliquam
1293 595 1351 642 ab
1376 595 1588 660 ingluvie
1611 617 1728 648 nox·

433 683 511 714 am
535 668 792 730 patiuntur.

500 831 546 876 9.
585 815 725 862 Certe
752 830 859 878 quae
888 827 1052 861 natura
1072 814 1331 878 suajuvare
1349 816 1588 872 videntur,
1615 816 1728 864 alias

430 900 617 944 nocent,
656 901 702 934 et
725 905 750 934 e
773 901 962 942 contra;
1007 902 1058 934 ut
1091 888 1205 935 nihil
1243 890 1428 951 proprie
1446 889 1724 948 morbzficum,
1754 941 1757 944 .

432 961 493 1005 nil
515 960 709 1006 noxium
746 973 910 1005 natura
950 960 1042 1016 sua,
1089 961 1245 1006 dicere
1285 962 1485 1022 praestet.
1555 965 1727 1012 Omnis

430 1050 543 1096 ergo
581 1051 605 1080 a
630 1049 940 1097 quocumque
965 1033 1160 1080 demum
1186 1033 1422 1098 principio
1457 1037 1723 1100 proficisca-

427 1129 503 1162 tur
519 1115 673 1162 morbi
692 1114 860 1171 caussa,
880 1129 984 1160 eam
1005 1114 1060 1160 ad
1077 1113 1172 1177 ejus
1195 1130 1306 1160 cum
1317 1115 1432 1163 Vita
1450 1116 1726 1166 consensum

428 1189 594 1236 referre
611 1190 786 1237 neceffe
807 1188 894 1235 est:
920 1187 1032 1233 Vita
1051 1201 1208 1233 autem
1233 1188 1389 1235 omnis
1406 1189 1656 1236 universim
1676 1191 1725 1238 in

426 1278 561 1313 motu
588 1265 683 1312 est:
727 1277 885 1311 motus
931 1274 1087 1308 autem
1114 1262 1282 1318 cauffa,
1324 1261 1400 1309 seu
1425 1263 1584 1327 potius
1608 1279 1723 1327 pro-

425 1336 693 1402 pagationis
716 1336 1168 1393 instrumentum,est
1194 1336 1431 1400 quidquid
1456 1337 1503 1385 in
1528 1353 1726 1402 corpore

425 1412 618 1460 animali
645 1424 973 1473 congregatur,
1021 1411 1112 1457 five
1136 1410 1340 1456 solidum
1377 1410 1719 1468 fivesfluidum,

425 1487 517 1534 five
564 1485 645 1532 sub
681 1484 831 1531 sensus
866 1484 1018 1539 cadat,
1063 1484 1155 1529 five
1185 1499 1298 1529 non.
1341 1482 1550 1529 Externa
1574 1472 1721 1548 i'gitur

425 1575 763 1628 quaecumque,
809 1557 1060 1604 universim
1086 1569 1260 1603 nocent
1294 1569 1372 1602 aut
1388 1556 1580 1618 prosunt
1603 1558 1721 1605 rela-

425 1632 520 1675 tive
558 1638 773 1672 tantum:
825 1640 991 1686 nempe
1034 1637 1327 1669 externorum
1363 1639 1618 1685 corporum
1647 1626 1718 1673 vis

424 1700 603 1762 ubique
639 1714 750 1744 cum
781 1697 961 1743 interna
977 1696 1102 1743 Vitae
1137 1709 1531 1759 contemperatur,
1575 1699 1716 1747 alter-

425 1789 530 1822 utra
555 1773 669 1835 saepe
693 1771 992 1834 praevalente.

497 1937 572 1970 10.
613 1919 823 1965 Contra:
871 1933 925 1963 ea
949 1915 1012 1962 est
1036 1915 1290 1979 aliquando
1331 1915 1606 1962 morborum
1630 1931 1715 1962 na-

422 2011 540 2052 tura,
567 1995 647 2058 qui
677 2009 786 2039 cum
811 2008 837 2037 a
861 1991 1048 2037 stimulo
1073 1991 1209 2036 unice
1228 1987 1592 2052 proficiscantur,
1632 2004 1715 2036 ne-

421 2088 515 2135 que
537 2066 811 2125 morbificam,
853 2081 1005 2128 neque
1030 2076 1278 2126 propterea
1299 2061 1590 2110 vacuandam
1611 2077 1714 2108 ma-

422 2146 585 2192 teriem
626 2141 772 2187 ullam
819 2138 865 2185 in
912 2138 955 2185 se
992 2137 1196 2184 habent:
1259 2136 1376 2182 inter
1413 2152 1532 2199 quos
1572 2135 1715 2183 multi

422 2218 540 2274 sunt,
567 2230 816 2262 nervorum
835 2213 895 2258 sic
920 2211 1050 2267 dieti,
1077 2227 1168 2256 non
1190 2223 1347 2257 tamen
1367 2224 1548 2256 omnes.
1573 2208 1712 2273 Ejus-

417 2291 556 2338 modi
594 2288 742 2335 fuerat
774 2285 920 2333 saevus
955 2285 1032 2330 ille
1080 2281 1263 2329 infantis
1302 2283 1515 2339 morbus,
1574 2280 1706 2342 cujus

424 2383 481 2413 ex
506 2363 792 2412 Boerhaavio
816 2361 1029 2408 meminit
1045 2362 1064 2385 ²
1087 2362 1149 2405 A.
1184 2359 1243 2405 de
1268 2360 1410 2406 Haen
1433 2376 1444 2404 ε
1477 2358 1514 2406 is
1533 2357 1710 2406 etenim

426 2453 562 2488 acuta
604 2437 733 2485 febre
796 2451 845 2485 et
890 2432 1276 2484 convulsionibus
1321 2434 1551 2491 laborans,
1614 2443 1711 2480 arte

783 2648 797 2671 ³
824 2644 941 2685 Path.
962 2647 1035 2684 &c.
1054 2643 1195 2683 [Etiol.
1219 2656 1258 2694 p.
1288 2654 1376 2693 744.

1580 2702 1711 2752 nulla
