1932 3319
401 287 493 329 114
661 267 768 316 DE
815 267 998 316 VIT.
1059 263 1455 321 PERIOD..

399 406 587 452 Revera
626 419 710 449 nec
749 414 1035 448 memoratur
1078 399 1135 446 ab
1161 399 1409 459 Erotiano,-
1460 396 1691 461 pluraque

402 476 706 539 incomposita
732 477 1151 528 diffionecxarata,
1179 488 1263 518 nec
1290 471 1429 518 facile
1450 467 1692 517 excusabi-

402 549 466 597 lia
491 551 714 607 continet,
755 551 1006 597 reluctante
1036 561 1192 594 tamen
1212 544 1576 611 Foefiijudicio,
1612 540 1696 606 qui

403 641 513 672 eum
539 625 656 672 inter
682 623 1047 688 Hippocraticos
1073 621 1314 685 cooptavit
1331 623 1382 670 ¹⁷.
1422 619 1701 667 Citaverunt

404 698 547 744 etiam
573 699 695 744 hunc
715 698 906 752 librum,
953 696 1072 741 inter
1091 696 1326 758 antiquos,
1370 695 1448 741 M.
1475 693 1628 738 Varro
1652 701 1700 735 et

406 773 470 818 A.
498 771 707 819 Gellius:
747 788 908 818 eorum
934 785 1046 816 vero
1071 768 1220 816 levius
1239 769 1285 816 in
1310 785 1358 815 re
1384 783 1478 814 non
1506 764 1602 820 sua,
1628 761 1701 809 fa·

409 845 495 891 cile
520 844 722 892 excusari
740 843 981 908 judicium
1005 841 1171 904 potest.

483 1005 560 1037 12.
597 991 666 1037 At
703 1005 815 1035 vero
853 986 1104 1050 postquam
1147 984 1446 1047 Asclepiades
1471 983 1589 1031 inter
1612 981 1733 1046 pri-2*

413 1078 534 1121 mos,
570 1063 844 1109 criticorum
863 1061 1046 1107 dierum
1081 1059 1339 1105 vanitatem
1364 1057 1710 1122 repudiavisset,

414 1140 529 1202 ipse5
566 1153 710 1200 quam
759 1137 824 1184 D.
863 1134 971 1181 Seni
1019 1132 1256 1196 objecerat
1303 1134 1513 1195 culpam,
1583 1131 1713 1178 suam

416 1212 627 1259 similiter
675 1209 850 1257 effecin
922 1208 1050 1254 Ecur
1092 1207 1220 1253 enim
1262 1206 1298 1254 is
1344 1206 1536 1253 triduum
1582 1205 1717 1253 suum

416 1284 648 1348 relligiole
693 1283 906 1330 servabat
930 1278 984 1338 ¹²,
1037 1296 1134 1345 quo
1179 1296 1360 1343 aegrum
1413 1295 1496 1342 per
1558 1279 1718 1327 omnia

420 1359 651 1421 fatigaret,
692 1368 1010 1420 quartumque
1051 1354 1178 1399 diem
1223 1354 1265 1399 ei
1294 1353 1551 1401 reficiendo
1576 1352 1717 1400 desti-

422 1432 595 1481 nabat?
643 1432 822 1478 Annon
865 1442 970 1474 ante
1011 1428 1246 1491 Qartum
1282 1427 1535 1489 periculofi
1576 1427 1721 1474 etiam

1560 1499 1715 1549 morbi

512 1592 540 1614 ν»)

471 1695 506 1719 ³⁷
536 1690 679 1741 Neque
713 1686 843 1725 mitius
878 1694 951 1737 ego
970 1684 1126 1737 quidem
1146 1684 1191 1723 dc
1212 1684 1310 1724 libro
1334 1683 1572 1735 judicavero,
1605 1684 1734 1736 quide

419 1753 537 1790 Pueri
555 1750 704 1787 Natura
723 1745 925 1795 inscriptus
942 1745 1006 1782 est.
1063 1744 1122 1782 Eo
1142 1745 1297 1795 quidem
1317 1744 1542 1782 Macrobius
1559 1744 1600 1782 in
1616 1746 1733 1782 Somn-

420 1812 513 1861 Scip.
543 1809 589 1845 ad
610 1804 943 1856 septennariorum
960 1803 1170 1841 d0&rina1n
1190 1804 1489 1842 confirmandam
1513 1803 1648 1852 utitur,
1660 1803 1736 1842 hisa

424 1867 558 1908 toriam
579 1881 625 1904 ex
657 1880 701 1903 eo
733 1865 852 1902 citans
874 1862 1064 1909 Mulieris,
1096 1876 1182 1914 quae
1213 1863 1353 1901 semine
1378 1877 1456 1901 non
1486 1864 1616 1911 effuso,
1654 1865 1737 1902 nol-

423 1929 584 1979 lensque
597 1938 796 1976 praegnans
814 1922 906 1969 fieri,
923 1922 1019 1973 juffa
1038 1922 1087 1959 est
1107 1923 1153 1960 ab
1173 1921 1339 1972 ejusdem
1352 1923 1439 1962 libri
1457 1923 1622 1970 auzstore,
1642 1933 1685 1960 ut
1699 1923 1739 1962 in

424 1989 667 2026 vehementes
687 1984 779 2035 saepe
800 1992 1016 2032 erumperet
1037 1981 1176 2019 saltus:
1208 1995 1329 2033 eaque
1348 1996 1437 2020 curn
1452 1981 1643 2032 paruiffet,
1658 1982 1738 2034 sep-

426 2047 520 2085 timo
551 2047 668 2083 saltus
699 2041 759 2079 die
792 2051 1024 2091 conceptum
1053 2054 1100 2077 ex
1138 2050 1247 2079 utero
1267 2040 1388 2091 ejecit.
1447 2041 1566 2091 Qod
1584 2041 1740 2093 quidem

429 2108 522 2144 adeo
542 2106 728 2144 absonum
749 2116 770 2139 a
789 2102 945 2140 Medica
965 2100 1214 2151 Hippocratis
1235 2100 1436 2151 relligione
1463 2102 1524 2148 est,
1545 2113 1588 2140 ut
1602 2103 1688 2141 latae
1701 2102 1742 2141 in

433 2183 519 2206 eum
538 2165 687 2218 injuriae
704 2178 802 2210 reus,
824 2178 908 2202 meo
929 2163 1085 2215 quidem
1115 2161 1263 2211 judicio
1300 2162 1356 2208 fit,
1385 2161 1560 2214 quisquis
1585 2177 1673 2200 eum
1697 2162 1743 2201 li·-

433 2222 557 2268 brum,
605 2220 668 2256 vel
711 2231 794 2255 eam
831 2217 963 2254 saltem
1000 2215 1193 2253 historiam
1222 2214 1511 2266 Hippocraticis
1544 2216 1742 2255 accensu&

439 2292 497 2318 rit.

491 2332 522 2354 ¹⁸
552 2334 672 2383 Igir'ur
693 2333 795 2367 tertio
814 2343 943 2381 quoque
960 2330 1016 2365 die
1042 2328 1136 2366 cibus
1159 2343 1256 2380 aegro
1283 2329 1532 2378 commodg'ffi'me
1554 2331 1675 2378 datur,
1707 2340 1745 2368 ut
1763 2330 1778 2384 Ξ

440 2390 670 2439 dferfibrcm
689 2392 836 2434 minuat,
874 2389 965 2424 alter
980 2387 1121 2425 viribus
1126 2387 1429 2438 subveniat—A.
1458 2387 1578 2427 Corn.
1600 2388 1744 2435 Celsus,

443 2451 525 2490 Lib.
546 2450 614 2486 ΠΙ.
645 2458 721 2500 cap.
744 2456 784 2484 ν’.
828 2446 979 2485 Exinde
998 2449 1225 2485 Diatritarii
1245 2446 1472 2486 dicebantur
1491 2448 1637 2488 Medici
1654 2448 1746 2487 olim

442 2525 460 2548 e
474 2509 603 2547 schola
615 2505 941 2553 Methodicorum5
956 2506 1023 2558 qui
1044 2520 1172 2544 omnes
1192 2509 1345 2545 morbos
1365 2506 1488 2545 inedia
1503 2507 1624 2546 sanari
1643 2509 1743 2558 posse

443 2575 683 2607 autumantes
715 2565 858 2601 nonnifi
891 2565 1004 2602 tertio
1029 2579 1188 2618 quoque
1221 2567 1279 2604 die
1297 2566 1454 2605 infirmis
1473 2566 1580 2605 cibos
1592 2566 1748 2606 dabant.

448 2629 510 2665 Sic
543 2626 659 2675 longa
699 2623 739 2660 in
773 2623 970 2674 quartanis
1002 2623 1170 2663 febribus
1192 2625 1349 2675 jejunia,
1397 2638 1434 2664 et
1469 2638 1609 2678 aquam
1655 2625 1747 2663 cali-

447 2688 534 2725 dam
550 2683 776 2722 tantumodo
804 2682 925 2731 primo
957 2684 1036 2732 post
1064 2685 1207 2721 febrem
1239 2685 1298 2723 die
1325 2687 1480 2732 sumere,
1518 2684 1634 2722 biduo
1668 2685 1752 2734 post

451 2755 639 2799 quantum
670 2741 751 2781 fieri
770 2742 900 2792 pofl'et,
929 2754 975 2780 ne
996 2744 1094 2781 hanc
1115 2742 1286 2794 quidem,
1324 2744 1458 2784 Celsus
1488 2744 1750 2797 proposuerat,

1635 2803 1752 2843 Conf«
