1932 3319
391 260 486 315 184
617 255 732 310 DE
788 253 971 304 VIT.
1029 252 1415 303 PERIOD.

389 389 641 445 Decimam
681 387 941 451 septimam,
1004 386 1229 449 pleraque
1276 385 1325 431 in
1365 381 1669 437 Nosocomiis

389 465 658 521 morborum
675 462 856 524 judicia
880 458 1100 515 obvenire
1124 458 1339 505 scribens.

457 624 501 672 7.
538 610 716 655 Verum
765 607 905 664 enim,
967 623 1086 671 quos
1131 605 1263 668 supra
1303 601 1672 653 memor-avimus

386 681 514 743 vagi,
569 694 614 726 et
661 693 858 728 errantes
906 679 951 726 in
990 678 1177 726 Morbis
1217 678 1412 724 Naturae
1453 674 1672 738 impetus,

384 752 614 816 principia
640 751 841 798 maxime
857 751 1162 814 popularium
1183 749 1462 796 morborum
1481 758 1672 799 tenent:

385 842 528 889 quare
575 826 692 888 quid
733 825 815 870 fibi
858 826 1049 871 morbus
1092 824 1226 878 velit,
1274 821 1448 885 quidve
1479 818 1673 874 recuset,

383 915 607 961 magnam
634 898 791 942 saltem
813 911 993 957 partem
1015 914 1098 941 nos
1119 897 1230 940 latet
1249 911 1260 937 z
1287 893 1549 953 exindeque
1568 907 1674 953 per-

383 971 574 1016 difficile
612 968 726 1014 illud
753 968 1055 1023 Medicorum
1091 964 1326 1028 judicium
1364 963 1423 1009 de
1455 964 1675 1011 extermi-

384 1043 539 1095 nando
555 1058 703 1104 nuper
725 1042 935 1087 nascente
951 1041 1133 1095 morbo,
1156 1038 1344 1101 fereque
1364 1051 1543 1084 tantum
1568 1036 1676 1083 fini-

383 1118 520 1174 entis,
556 1117 760 1163 crebrius
781 1117 1034 1163 adinventa
1057 1114 1277 1162 remedia.
1348 1113 1428 1159 Ob
1453 1129 1596 1176 quam
1618 1112 1676 1158 fi-

384 1190 557 1238 militer
583 1190 782 1235 cauffam
802 1190 997 1236 arbitror
1021 1185 1485 1249 morborumjudicia
1505 1184 1550 1232 in
1568 1186 1677 1233 No·

385 1264 623 1320 socomiis,
668 1263 722 1310 iis
760 1265 1068 1327 potiffimum‚
1095 1279 1202 1327 quae
1241 1260 1417 1323 ingenti
1443 1272 1674 1321 aegrotan-

380 1338 502 1384 tium
550 1337 739 1384 cohorte
779 1335 1148 1401 frequentantur,
1194 1348 1241 1381 et
1286 1334 1433 1390 tarde,
1474 1345 1521 1379 et
1561 1349 1672 1382 curn

381 1411 722 1473 irregularitate
770 1410 865 1456 fieri
894 1429 905 1457 ι
964 1410 1227 1456 verofimile
1285 1408 1349 1454 est
1400 1408 1525 1454 enim
1581 1406 1676 1454 fere

381 1483 497 1546 quid
523 1495 807 1545 perpetuum
831 1481 1099 1544 Epidemici
1138 1498 1190 1527 ea
1225 1480 1402 1526 circum
1446 1480 1511 1524 ire
1553 1479 1673 1527 loca.

381 1558 691 1619 Qamquam
722 1552 825 1616 jam
851 1555 991 1600 modo
1018 1554 1230 1601 industris
1269 1569 1322 1599 ea
1353 1565 1399 1598 et
1436 1552 1674 1600 humanis-

381 1629 494 1675 fima
520 1628 812 1690 optimorum
838 1626 1114 1691 Principum
1158 1640 1205 1673 et
1228 1625 1440 1690 gentium
1465 1641 1575 1671 cura
1600 1627 1674 1672 in-

379 1701 523 1759 valet,
571 1714 623 1759 ut
671 1699 717 1745 in
763 1699 1007 1755 meliorem
1048 1701 1192 1763 longe
1244 1699 1445 1745 formam
1493 1698 1677 1748 refectae

378 1775 589 1839 publicae
608 1790 836 1837 aegrorum
857 1774 1090 1831 stationes,
1110 1776 1249 1838 inque
1266 1773 1490 1838 plurimas,
1506 1775 1674 1823 mans1÷

378 1864 490 1894 ones
506 1847 676 1902 divisae,
693 1846 833 1892 tutius
851 1846 1242 1893 decumbentium
1260 1846 1394 1891 rebus
1411 1844 1673 1894 consulant:

382 1938 477 1985 qua
503 1919 865 1983 praestantiffima
890 1919 1194 1967 humanitatis
1220 1919 1376 1974 laude,
1416 1919 1675 1980 nuperiori-

381 1994 471 2049 bus
497 1992 624 2037 annis
658 1990 883 2038 Austriaci
912 1992 1154 2055 Principes
1192 2009 1295 2039 ante
1331 2009 1496 2039 omnes
1522 2004 1675 2037 certa-

380 2079 564 2121 verunt.
626 2064 716 2111 Ista
738 2079 895 2111 tamen
918 2065 1265 2114 invidiofiffima
1289 2066 1507 2112 humanae
1532 2065 1674 2110 bene-

382 2139 604 2186 volentiae
651 2139 879 2200 exempla,
929 2140 1134 2194 multum
1175 2141 1325 2187 adhuc
1373 2138 1674 2201 multiplicari

379 2215 589 2277 poscunt,
643 2226 696 2259 ut
720 2229 825 2275 quae
850 2213 1034 2262 adversa
1069 2213 1334 2260 valetudine
1358 2212 1674 2260 consternato-

380 2303 484 2332 rum
524 2285 767 2332 hominum
811 2285 1023 2349 perfugia
1054 2285 1173 2342 sunt,
1217 2287 1304 2332 s1nt
1341 2286 1480 2333 etiam
1525 2285 1674 2348 veluti⁴

383 2358 646 2421 ampliffimi
671 2371 716 2404 et
739 2358 949 2411 tutissimi
975 2357 1178 2421 sanitatis
1209 2372 1388 2423 portus,

449 2510 496 2555 8.
535 2509 644 2569 Qa
669 2508 844 2554 ratione
871 2509 1071 2572 intelligi
1097 2509 1260 2572 potest,
1307 2510 1434 2575 quod
1460 2510 1576 2557 olim
1615 2507 1675 2553 de

382 2583 555 2648 Anglis
599 2582 916 2630 Clermontius
941 2588 955 2617 ⁷
989 2584 1238 2648 scripserat,
1273 2585 1504 2633 absolutas
1547 2599 1673 2639 mor-=

739 2717 756 2740 ⁷
784 2715 844 2753 De
862 2716 975 2765 Angl.
992 2718 1082 2756 Aer.
1104 2719 1176 2770 Aq.
1203 2729 1235 2755 ct
1254 2720 1345 2768 Lac,
1628 2742 1654 2773 1,-

941 2776 943 2779 ⁴
1489 2767 1657 2827 berun}

1912 2541 1930 2624 {2

1909 2722 1932 2792 ³⁷3
