1932 3319
438 271 540 331 ·170
669 266 787 318 DE
853 246 1495 322 VIT,PER10D.

438 399 488 448 in
511 398 662 465 prima
681 402 920 466 eruptione
943 402 1078 450 fac’tae
1095 403 1216 462 sunt,
1241 405 1452 467 pustulis,
1483 420 1604 454 nova
1638 405 1724 454 ali-

438 474 842 540 quandoeruptio
874 477 1167 534 recrudescit,
1211 477 1438 526 consimili
1466 480 1615 528 rursus
1645 480 1724 527 di-

433 564 569 596 erum
592 551 786 613 periodo
804 550 1113 598 absolvenda:
1153 553 1283 615 quod
1320 554 1459 610 vidit,
1496 555 1569 601 cui
1594 553 1721 610 vitae,

434 623 657 688 Artisque
701 624 886 673 debitor
932 625 1053 685 sum,
1105 627 1358 675 carissimus
1397 628 1514 676 mihi
1552 629 1723 676 Parens

435 714 583 746 meus.

506 849 586 895 28.
614 846 840 895 Similiter
862 861 1117 912 purpurata
1137 848 1292 906 febris,
1319 860 1365 896 et
1380 847 1722 896 exanthemati-

434 933 504 965 cae
527 932 722 974 caeterae,
758 921 925 966 morbo
945 922 1128 967 sibimet
1156 923 1391 983 permiff0‚
1421 923 1584 968 eadem
1611 936 1723 968 cum

432 989 622 1036 variolis
638 989 715 1036 die
739 990 952 1037 oriuntur
971 1009 983 1037 ε
1005 991 1213 1038 crescunt
1229 993 1510 1057 plerumque
1530 995 1577 1039 in
1605 995 1723 1057 Sep-

431 1061 598 1110 timam
619 1061 778 1126 usque,
798 1064 1056 1127 vigentque
1073 1065 1130 1110 ad
1146 1065 1466 1112 Undecimam
1484 1088 1497 1119 3
1524 1079 1722 1130 tumque

431 1136 590 1183 morbi
620 1137 923 1186 conversione
968 1138 1168 1193 suborta,
1228 1138 1275 1184 in
1318 1139 1520 1186 Decima
1560 1153 1723 1206 quarta

430 1224 512 1261 aut
536 1211 697 1258 saltem
722 1210 1030 1276 subsequente
1053 1211 1207 1259 triduo
1231 1212 1554 1261 terminantur.

431 1379 437 1386 ·
499 1372 580 1421 29.
609 1356 784 1421 Neque
801 1356 977 1404 diversa
1001 1357 1120 1415 sunt,
1141 1373 1248 1422 quae
1267 1358 1468 1406 excitato
1493 1357 1551 1404 ab
1572 1356 1718 1404 insiti-

430 1445 521 1476 one
558 1431 726 1478 morbo
771 1445 1061 1494 competunt.
1147 1434 1360 1494 Septima
1407 1448 1612 1496 namque
1658 1430 1720 1479 ab

431 1503 643 1551 insitione
683 1504 761 1551 die
796 1504 914 1566 saepe
953 1504 1130 1567 prodit,
1175 1504 1331 1551 minus
1373 1502 1639 1568 frequenter
1673 1503 1720 1550 in

430 1581 626 1642 Qiarta.
698 1581 873 1641 Neque
898 1591 1057 1626 tamen
1084 1579 1143 1625 ab
1164 1577 1376 1625 insitione
1393 1590 1618 1641 perpetuo
1636 1592 1720 1623 ex-

430 1651 588 1708 eritur,
633 1653 852 1715 contagio
889 1652 1030 1698 etiam
1070 1651 1290 1698 instante:
1335 1650 1427 1697 sive
1468 1650 1597 1714 quod
1626 1650 1720 1697 alio

431 1719 585 1765 morbi
613 1734 780 1782 genere
799 1735 882 1782 per
905 1718 953 1764 id
970 1731 1158 1780 tempus
1178 1731 1457 1781 aegrotantes
1484 1716 1721 1764 contami-

428 1804 611 1848 nentur,
637 1792 727 1838 sive
747 1791 872 1855 quod
899 1806 1060 1837 eorum
1079 1791 1191 1837 Vita
1208 1808 1293 1854 per
1316 1807 1394 1837 eos
1419 1790 1516 1836 dies
1534 1789 1721 1852 proprie

427 1866 646 1912 morbum
666 1865 874 1913 recuset:
901 1865 1031 1929 quod
1058 1877 1318 1928 utrumque
1343 1863 1536 1928 adjectis
1558 1879 1722 1911 exem-

427 1940 519 2002 plis
537 1940 833 1987 confirmavit
856 1939 933 1986 Ill.
960 1939 1284 1995 Kruikffiank,
1311 1954 1436 1985 novo
1456 1937 1620 1984 itidem
1647 1954 1720 1984 ar-

427 2026 674 2077 gumento,
701 2014 764 2060 nil
786 2013 1050 2077 quidquam
1072 2012 1222 2059 invita
1234 2013 1419 2061 Natura
1444 2010 1490 2057 in
1515 2010 1721 2058 viventi-

428 2088 515 2135 bus
539 2090 710 2136 mutari
729 2088 885 2151 poffe:
913 2087 1041 2150 quod
1067 2086 1236 2134 iterum
1259 2085 1446 2132 inferius
1463 2085 1720 2133 dicendum

425 2165 504 2213 est.
576 2164 756 2211 Similia
771 2163 914 2210 etiam
934 2162 980 2209 in
1002 2161 1356 2209 exanthematici
1382 2160 1570 2208 alterius
1590 2176 1717 2207 mor—

427 2238 474 2284 bi
501 2238 713 2286 insitione
736 2237 978 2285 observata
997 2236 1221 2301 nuperius
1246 2234 1463 2300 prostant.

496 2396 574 2443 30.
613 2384 737 2430 Cum
755 2383 825 2431 his
863 2381 1072 2429 similiter
1094 2380 1289 2437 faciunt,
1325 2397 1432 2444 quae
1456 2397 1480 2426 a
1514 2379 1718 2443 suscepta

429 2454 609 2500 Celtica
632 2455 725 2511 lue,
771 2455 1027 2517 prodeunte
1062 2453 1163 2516 post
1192 2453 1431 2499 virulento
1456 2451 1600 2507 fluxu,
1627 2451 1715 2497 ob-

427 2528 681 2574 servantur.
773 2528 1134 2592 Quinquaginta
1180 2527 1302 2574 horis
1364 2529 1420 2575 ab
1476 2529 1716 2593 impudica

428 2601 722 2655 scortatione,
769 2603 1069 2657 laffitudine8‚
1095 2601 1203 2664 vagi
1231 2602 1276 2649 in
1303 2604 1491 2649 artubus
1516 2604 1712 2659 dolores,

428 2675 544 2723 levis
563 2675 702 2723 febris
731 2679 938 2732 accessio,
981 2690 1082 2724 tum
1110 2678 1426 2725 vellicationes
1460 2679 1505 2724 in
1523 2678 1711 2740 glande,

1542 2767 1714 2813 gonor-

1925 199 1929 202 ν
1924 142 1932 169 ‚1
1920 0 1932 129 dds—24¹·-
