1932 3319
403 279 771 331 AEG-RoT.
830 280 947 329 ET
1007 280 1206 329 SAN.
1392 297 1459 347 7,

537 504 861 554 DIES
970 501 1092 550 XX.

237 639 300 686 A.
327 638 576 686 Nonnulla
587 635 902 702 Hippocratis
916 632 1214 698 exemplaria,
1230 649 1336 698 quae
1348 634 1463 682 citat

170 710 375 769 Foestus,
399 713 673 776 vigesimam
692 726 739 760 et
777 710 1056 774 vigesimam
1081 723 1296 774 quartam
1336 709 1465 758 diem

172 784 445 833 circuitibus
490 786 682 851 paribus
726 784 1052 849 judicantibus
1102 784 1282 830 addunt
1303 802 1314 830 ε
1374 785 1465 831 alia

171 859 385 924 utrasque
409 861 653 908 omittunt.
701 862 945 924 Frequens
965 858 1089 923 apud
1115 859 1465 923 Hippocratem

163 931 512 997 judicationum
536 935 620 981 hac
658 933 734 981 die
767 933 948 981 mentio
988 931 1219 996 ejusmodi
1256 932 1462 980 additio-

169 1026 283 1056 nem
306 1009 444 1057 facile
469 1010 646 1058 suadet.
719 1011 846 1058 Cum
893 1024 1008 1055 vero
1050 1006 1186 1071 hujus
1223 1008 1316 1054 diei
1360 1024 1462 1054 me—

170 1085 325 1132 moria
342 1086 388 1132 in
413 1085 705 1142 circuitibus,
724 1085 805 1149 qui
827 1084 1017 1131 criticos
1028 1084 1216 1131 sudores
1246 1083 1464 1141 afferunt,

174 1160 382 1206 {imiliter
405 1159 534 1216 defit,
573 1160 789 1207 hoc-ideo
814 1158 990 1205 factum
1009 1158 1222 1222 plerique
1261 1158 1465 1217 censent,

172 1234 305 1298 quod
351 1233 449 1296 ejus
512 1233 604 1280 diei
653 1233 838 1280 sudores
894 1232 1176 1294 inauspicato
1219 1233 1464 1294 prodeant.

175 1308 463 1371 Exemplum
503 1307 567 1353 est
592 1308 638 1353 in
662 1305 942 1369 Epidemica
973 1305 1123 1352 Febre
1158 1305 1288 1351 Anni
1321 1320 1464 1368 1720,

174 1399 319 1447 quam
361 1381 594 1444 descripsit
614 1381 690 1427 Cl.
717 1379 1148 1443 Wintheringham.
1223 1375 1467 1444 Ejusmodi

174 1457 476 1504 nihilominus
513 1468 738 1518 perpetua
757 1467 802 1501 et
825 1454 1013 1518 propria
1040 1453 1147 1517 jura
1172 1453 1372 1512 dierum,
1413 1469 1467 1503 ut

178 1533 254 1580 alii
278 1530 720 1597 quidemjudicent,
757 1530 835 1577 alii
860 1547 972 1577 vero
1006 1546 1119 1590 non,
1145 1530 1221 1577 alii
1260 1531 1373 1580 item
1397 1532 1467 1579 sa·-

173 1608 343 1654 lutares
362 1605 545 1653 sudores
562 1605 734 1672 deant,
757 1605 833 1652 alii
855 1605 1073 1652 mortales
1100 1604 1313 1662 inferant,
1339 1607 1470 1670 quod

176 1681 314 1728 multi
340 1697 449 1727 cum
475 1680 660 1727 Galeno
685 1693 870 1744 putant,
893 1695 1044 1743 neque
1067 1679 1172 1726 satis
1198 1697 1308 1727 cum
1335 1682 1467 1746 Hip-

175 1757 378 1820 pocratis
425 1755 651 1813 doctrina,
712 1773 864 1821 neque
905 1755 1156 1803 univerfim
1201 1772 1309 1803 cum
1343 1775 1456 1805 vero

142 1834 281 1881 „satis
307 1835 569 1898 quadrant:
605 1851 747 1898 quare
786 1833 1145 1897 auspicatiffima
1185 1833 1325 1896 hujus
1372 1836 1467 1883 diei

170 1907 354 1972 judicia
379 1924 492 1956 cum
517 1907 766 1957 sudoribus
792 1908 1042 1972 conjune‘ta
1065 1908 1282 1955 viderunt
1303 1909 1397 1965 alii,
1423 1924 1470 1957 et

179 1983 272 2046 ipse
314 1984 455 2030 etiam
480 1984 709 2046 perstante
732 1984 969 2047 Vigefima
987 1983 1105 2030 vidit
1131 1983 1466 2047 Hippocrates.

175 2059 384 2106 Fuerunt
407 2058 634 2121 profecto,
665 2059 746 2121 qui
790 2075 896 2104 eam
933 2057 1185 2104 universim
1229 2058 1273 2104 in
1295 2061 1470 2108 morbis

177 2131 304 2179 diem
330 2143 594 2177 execratam
620 2131 861 2187 ducerent,
901 2148 1018 2194 quos
1049 2131 1168 2177 inter
1205 2132 1400 2179 Diocles
1424 2148 1471 2182 et

181 2205 472 2268 Archigenes
496 2223 505 2251 ε
551 2217 713 2251 contra
736 2222 822 2268 pro
849 2222 901 2252 ea
924 2205 1045 2252 stetit
1083 2206 1304 2252 acerrime
1326 2207 1470 2254 Gale-

182 2297 284 2336 nus,
332 2293 379 2326 et
405 2280 721 2343 Hippocrates
749 2280 842 2344 ipse
868 2281 1144 2344 incorruptis
1170 2294 1293 2328 certe
1318 2282 1364 2328 in
1403 2283 1471 2330 lo-

179 2354 247 2403 eis
269 2357 541 2402 morborum
568 2357 682 2402 fines
708 2356 1087 2419 quamplurimos
1105 2356 1149 2402 in
1174 2356 1471 2419 Vigesimam

180 2427 427 2476 transtulit.
499 2429 620 2475 Eam
646 2430 710 2475 ob
735 2429 920 2476 causam
944 2429 1206 2476 verosimile
1243 2429 1305 2476 est
1347 2445 1472 2478 tran-

178 2503 420 2565 scriptores
445 2504 902 2566 Hippocraticorum
936 2505 1162 2552 librorum
1188 2504 1474 2554 considerate

182 2576 418 2641 quidquid
443 2578 502 2624 de
518 2578 971 2642 Vigefimaejudicio
1006 2579 1052 2627 in
1079 2580 1134 2627 iis
1156 2580 1320 2638 fuerat,
1352 2599 1474 2645 prae-

183 2651 367 2708 teriiffe,
396 2652 442 2699 in
468 2651 773 2717 ejusdemque
790 2654 948 2703 locum
983 2656 1191 2703 Primam
1232 2671 1278 2703 et
1305 2658 1475 2718 vigefi-
1527 2717 1535 2721 -

1349 2748 1475 2778 mam
