1932 3319
397 237 484 295 178
623 230 739 279 DE
796 228 1425 278 VIT.PERIOD.

392 364 520 411 enim
564 362 904 427 suppuratorias
953 359 1121 414 febres,
1169 376 1372 423 quarum
1424 357 1682 407 crebriores

393 437 489 485 dies
514 438 645 502 supra
665 435 997 492 indicavimus,
1026 432 1350 480 convulsiones
1370 433 1529 490 etiam,
1553 431 1682 479 criti-

392 528 472 560 cos
498 512 701 559 maxime
725 511 823 558 dies
848 509 991 572 sequi,
1032 509 1205 557 nemini
1232 525 1325 556 non
1349 521 1516 556 notum
1540 507 1602 553 est
1626 519 1680 553 ut

388 602 610 648 magnam
634 599 884 648 propterea
900 596 1079 646 partem
1107 583 1151 628 in
1175 583 1407 638 Tertiam,
1430 584 1678 648 Qartam,

392 659 600 714 Senam,
658 659 950 720 ‘Septimaim
1018 655 1287 712 Decimam,
1343 653 1684 709 Undecimam‚

393 732 623 797 Qartam
647 730 898 788 decimam,
938 729 1189 776 Decimam
1238 728 1502 792 septimam,
1527 740 1573 773 et
1597 725 1685 773 Vi-

391 805 615 867 gesimam
668 804 810 867 usque
869 802 1096 859 incidant,
1154 803 1285 866 quod
1333 799 1686 865 septuagenario

394 878 582 924 cuidam
608 877 784 923 homini
825 876 944 921 inter
968 888 1157 921 caeteros
1182 874 1355 929 evenit,
1398 890 1542 936 quem
1566 885 1684 919 teta-

394 966 477 995 nus
504 949 731 1011 vigefimo
757 964 782 992 a
806 947 1049 993 catara&ae
1082 947 1349 1008 operatione
1368 946 1461 1001 die,
1504 947 1684 1008 impro-

393 1023 488 1069 viso
506 1023 845 1085 supe1·venien8‚
890 1021 1009 1066 intra
1040 1020 1208 1082 viginti
1235 1020 1370 1066 horas
1387 1018 1404 1040 ⁶
1421 1019 1682 1083 jugulavit.

393 1095 630 1142 Nonnulli
654 1095 795 1142 etiam
817 1094 1036 1149 secundo,
1076 1095 1134 1139 ab
1162 1093 1335 1140 indicio
1359 1093 1567 1147 vulnere,
1590 1091 1685 1148 die,

391 1168 501 1214 item
522 1169 568 1213 in
593 1168 760 1229 primo,
789 1164 1170 1211 convulsionibus
1187 1179 1442 1212 necantur:
1481 1164 1610 1228 quod
1636 1163 1683 1210 in

393 1242 513 1289 binis
541 1243 654 1298 vidi,
692 1257 897 1304 quorum
922 1239 1069 1286 vesica
1094 1240 1132 1287 F
1137 1239 1255 1288 ellea
1277 1240 1522 1295 vulnerata
1546 1238 1631 1286 est.

460 1392 505 1435 8.
544 1389 773 1442 Praeterea
796 1387 1010 1433 vasorum
1050 1387 1269 1449 ligaturas
1299 1387 1492 1451 septima
1511 1387 1684 1450 potiffi-

391 1478 524 1510 mum
566 1474 645 1508 aut
681 1461 848 1508 mstava
870 1459 947 1506 die
988 1460 1221 1516 decidere,
1270 1460 1534 1522 exindeque
1558 1461 1681 1507 Hae-

385 1647 558 1686 omnium
577 1646 691 1684 instar
711 1643 874 1683 conferri
895 1659 937 1683 ea
969 1643 1008 1683 in
1044 1657 1081 1683 re
1102 1653 1311 1691 merentur,
1342 1643 1532 1694 evulgatae
1551 1642 1699 1694 superi·

383 1706 514 1745 oribus
535 1705 641 1743 annis
659 1718 680 1741 a
699 1704 759 1741 Cl.
784 1703 930 1742 PerciV.
961 1704 1062 1750 Pott,
1083 1703 1279 1755 Chirurgo
1314 1702 1413 1741 inter
1433 1702 1691 1740 Londinenses

383 1765 499 1816 longe
518 1763 779 1810 celeberrimo,
814 1763 858 1800 de
879 1763 1029 1801 Morbis
1048 1761 1202 1813 impacii
1230 1762 1363 1812 capitis
1384 1760 1561 1800 historiae.
1618 1762 1691 1800 Ea-

380 1839 467 1863 rum
488 1825 674 1877 fiquidem
697 1825 892 1875 pleraeque
913 1837 1001 1861 cum
1022 1823 1309 1874 Hippocraticis
1331 1824 1470 1875 eisque,
1503 1835 1600 1874 quas
1621 1823 1694 1861 Be-

380 1884 578 1935 rengarius
599 1882 741 1930 laudat,
772 1882 1024 1930 conveniunt,
1057 1883 1200 1920 summa
1218 1882 1368 1933 prorsus
1393 1882 1494 1920 inter
1513 1883 1549 1920 se
1567 1882 1696 1932 perio·

379 1945 518 1983 dorum
538 1943 801 1982 similitudine.
861 1942 947 1980 Nec
969 1943 1120 1981 criticas
1144 1943 1320 1994 periodos
1341 1943 1379 1980 in
1401 1942 1535 1993 capitis
1555 1943 1692 1980 vulne-

379 2004 484 2042 ribus
505 2002 708 2054 despexiffe
724 2002 889 2052 prorsus,
905 2002 1058 2040 videtur
1077 2002 1225 2048 Celsus,
1265 2001 1421 2053 quando
1441 2002 1573 2048 fissum,
1595 2002 1692 2039 frac-

377 2073 540 2115 tumque
561 2077 615 2109 os,
636 2062 921 2113 superimpofito
951 2062 1152 2112 emplastro
1170 2074 1317 2108 curare,
1333 2073 1415 2099 tum
1440 2061 1613 2113 quotidie
1628 2061 1691 2099 de·

379 2121 512 2172 ligare,
549 2134 584 2160 et
605 2123 750 2160 solvere
770 2123 888 2173 usque
909 2122 955 2159 ad
981 2121 1081 2160 diem
1106 2121 1286 2173 quintum
1310 2119 1508 2172 praecipit:
1546 2135 1567 2158 a
1584 2123 1692 2160 sexto

377 2193 505 2218 autem
538 2194 679 2231 vapore
715 2180 847 2218 calidae
880 2195 947 2231 per
968 2181 1166 2233 spongiam
1188 2181 1332 2218 fovere.
1387 2182 1449 2217 De
1468 2181 1569 2218 Med.
1599 2180 1688 2218 Lib.

378 2238 497 2277 VIII.
527 2250 605 2292 cap.
636 2239 688 2277 iv.
747 2239 958 2278 Plurimam
994 2241 1106 2279 etiarn
1135 2240 1281 2278 dierum
1314 2239 1499 2277 rationem
1531 2239 1571 2277 in
1603 2239 1690 2278 reli-

377 2310 545 2348 quorum
579 2299 783 2336 vulnerum
808 2300 1032 2337 transtatione
1064 2298 1286 2347 subjunxit5
1322 2297 1479 2350 postque
1513 2297 1690 2344 biduum,

375 2353 492 2391 tertio
511 2355 570 2392 die
591 2358 751 2394 vulnera
770 2358 926 2408 aperire,
973 2357 1190 2409 saniemque
1213 2357 1353 2408 frigida
1366 2371 1467 2410 aqua
1486 2356 1686 2408 detergere

374 2423 517 2458 monet,
538 2414 705 2467 ite-mque
722 2417 863 2469 quinto
882 2418 942 2456 die
957 2431 979 2454 v
985 2417 1126 2455 ulneris
1151 2418 1318 2455 colorem
1338 2415 1565 2454 confiderari
1586 2416 1690 2462 vult,

379 2471 485 2522 quod
505 2485 578 2521 qua
587 2486 625 2511 it
631 2489 651 2510 a
698 2477 831 2514 iutuia
868 2477 910 2514 fit
942 2478 1206 2544 inflammatio,
1247 2476 1406 2530 jamque
1441 2489 1487 2514 eo
1517 2474 1578 2520 die
1619 2475 1692 2514 sese

375 2531 556 2572 ostendat.
595 2535 648 2570 Li
639 2534 682 2571 b.
703 2536 755 2573 V.
786 2548 863 2587 cap.
885 2537 1010 2576 xxvii.

427 2590 444 2611 ᾧ
473 2588 564 2629 '’'sii
534 2601 608 2637 iot,
628 2592 796 2643 8ζνιρτῑέ.
814 2595 913 2632 Ner-

1399 2652 1681 2715 morrhagiae

1923 0 1932 174 ..ω-..φημ-
