1932 3319
425 290 489 348 7⁸
655 283 773 334 DE
839 281 1480 349 VIT.PER1„0D.

745 504 1100 553 DIES
1244 507 1394 555 XIX.

487 655 554 702 A.
596 653 841 701 Pertinent
866 653 924 701 ad
949 652 1073 700 hunc
1099 652 1293 702 fortaffis
1318 653 1446 701 diem
1473 653 1714 702 nonnullae

421 746 480 778 ex
502 731 779 777 morborum
804 728 1019 785 historiis,
1070 729 1242 794 quibus
1277 729 1398 777 circa
1423 723 1738 795 Vigefimarn⁴

414 804 652 869 judicium
684 804 903 867 obtigifi‘e
941 804 1098 851 scribit
1145 806 1499 868 Hippocrates:
1562 801 1713 866 cujus—-

423 880 551 926 modi
595 895 788 940 vagum,
830 894 915 924 nec
937 877 1019 924 [ibi
1060 878 1270 926 constans
1313 877 1541 926 scribendi
1565 893 1713 940 genus
1748 931 1751 933 ,

424 951 481 1008 is,
507 950 888 1014 Galenijudicio,
911 951 1028 1012 saepe
1044 951 1297 1014 usurpavit,
1320 951 1565 1016 postquam
1587 967 1715 997 mor-

423 1026 512 1071 bus
536 1027 659 1071 ultra
684 1027 917 1088 Qartam
957 1025 1192 1072 decimam
1229 1027 1490 1090 progressus
1531 1023 1715 1071 fuiffet:

421 1099 548 1162 quasi
575 1098 875 1162 periodorum
920 1099 1178 1145 constantia
1214 1100 1315 1162 post
1352 1115 1455 1145 eam
1489 1096 1618 1144 diem
1642 1113 1717 1144 re·-

422 1172 598 1218 miffius
625 1171 830 1217 incidere
856 1171 1179 1219 consueverit:
1217 1190 1325 1237 quae
1347 1171 1516 1220 Galerii
1554 1171 1713 1219 obser-

421 1245 570 1300 vatio,
616 1262 672 1291 an
701 1261 793 1291 non
833 1244 938 1291 satis
982 1261 1108 1302 vera,
1147 1263 1324 1311 nupero
1349 1245 1549 1294 Auctori
1573 1261 1715 1294 vero-

422 1319 633 1367 fimiliter
656 1319 855 1383 placuit.

487 1462 545 1508 B.
583 1461 729 1507 Hanc
748 1460 877 1508 diem
892 1460 1010 1525 saepe
1036 1459 1084 1508 in
1107 1458 1358 1525 petechiali
1375 1461 1502 1509 febre
1527 1460 1717 1510 fatalem

422 1536 540 1582 vidit
570 1534 807 1585 Loewius.

495 1700 537 1730 1.
565 1682 756 1741 Cherio‚
792 1682 850 1729 de
875 1698 972 1746 quo
997 1682 1127 1739 alibi,
1154 1682 1252 1746 post
1276 1682 1492 1731 Decimae
1511 1684 1718 1748 septimae

414 1757 666 1822 judicium,
704 1757 906 1804 Decima
951 1756 1118 1803 octava
1162 1757 1469 1804 incalescebat
1510 1771 1715 1821 parum:-

424 1833 609 1896 insuper
632 1832 812 1878 sitiebat
835 1849 846 1878 ε
883 1831 1003 1878 circa
1031 1831 1285 1880 Decimam
1325 1848 1496 1879 nonam
1535 1849 1562 1879 a
1590 1831 1719 1880 febre

423 1909 644 1955 liberatus
668 1908 734 1954 est
757 1910 789 1953 ¹.

495 2053 539 2086 2.
577 2039 869 2087 Eurianaffis
910 2041 999 2089 Fil.
1019 2040 1226 2088 recidiva
1265 2057 1291 2088 a
1330 2042 1484 2088 Sextae
1509 2039 1711 2105 judicio,

424 2115 511 2161 hac
535 2114 610 2161 die
633 2114 959 2163 verosimiliter
980 2115 1250 2163 occubuit².

492 2264 538 2309 3.
576 2248 737 2296 Alieni
766 2248 890 2296 circa
907 2266 1065 2296 aurem
1090 2248 1136 2295 in
1161 2249 1321 2296 dextra
1344 2260 1493 2311 parte,
1535 2247 1717 2312 aliquid

426 2321 547 2366 intus
572 2322 758 2378 dui-um,
796 2322 905 2369 foris
947 2339 1166 2387 parvum,
1204 2323 1383 2378 laxum,
1430 2321 1714 2378 dolorosum,

426 2395 538 2442 nihil
564 2396 819 2453 remitten5‚
862 2398 1065 2445 Decima
1092 2414 1213 2445 nona
1238 2397 1377 2445 noctu
1394 2397 1570 2444 factum
1595 2395 1658 2444 est
1673 2399 1708 2443 ³.

472 2547 487 2567 ¹
515 2540 632 2580 Conf.
652 2544 768 2594 AEgr.
791 2544 841 2582 vi.
870 2547 962 2583 Diei
979 2546 1078 2586 VII.

468 2612 485 2629 ²
514 2601 632 2639 Conf.
659 2604 776 2654 sEgr.
791 2602 846 2642 ix.
871 2607 961 2642 Dici
980 2606 1053 2644 VI.

472 2666 489 2690 ³
516 2662 632 2715 Epid.
655 2661 730 2700 IV.

598 2737 616 2768 1
1516 2720 1714 2772 DIES
