1932 3319
461 257 834 309 AEGROT.
892 257 1008 308 ET
1073 260 1270 309 SAN.
1439 279 1506 329 99

279 409 325 442 2.
381 394 603 442 Lariffaea
626 393 778 457 Virgo
823 392 926 457 post
975 408 1182 456 paucum
1225 393 1503 456 sangumem

212 467 478 516 vomitione
521 468 744 534 reje&um
768 469 1020 532 purulenta
1056 470 1215 524 evafit,
1260 483 1346 514 nec
1372 469 1526 518 febre

209 543 407 590 liberata
431 543 511 600 est,
550 558 801 608 antequam
834 556 1126 593 moreretur:
1165 542 1300 590 tertio
1341 558 1500 593 autem

211 617 366 664 mense
391 631 577 664 mortua
599 618 661 663 est
683 620 715 666 ⁵.

271 767 318 813 3.
346 750 645 813 Hei-ophitus
668 749 874 797 Abderae
897 750 1069 814 pluries
1093 749 1354 813 judicatus,
1395 750 1498 814 post

209 822 481 870 surditatem
505 823 703 871 decimae
727 837 906 887 quartae
937 822 1049 879 diei,
1089 822 1272 869 narium
1295 823 1500 871 haemor-

207 896 418 959 rhagiam
445 897 800 960 quadragefima
835 897 928 953 die,
960 895 1129 944 fortem
1159 897 1336 944 dextrae
1364 913 1499 944 coxae

207 971 423 1017 dolorem
447 971 571 1017 circa
594 971 942 1032 sexagesimam,
979 970 1172 1016 tandem
1192 970 1315 1017 circa
1340 982 1501 1017 cente-

210 1044 373 1091 simam
391 1044 517 1091 diem
537 1045 643 1091 alvo
660 1043 819 1090 multis
839 1043 1011 1091 biliosis
1031 1044 1229 1097 turbata,
1249 1042 1502 1091 centesima

210 1118 286 1165 die
331 1118 535 1181 perfecte
591 1117 833 1182 judicatus
895 1118 958 1164 est
985 1134 996 1163 :
1077 1116 1218 1164 febris
1278 1130 1373 1165 erat
1428 1133 1501 1164 ar-

213 1192 330 1239 dens
346 1191 382 1239 ⁶.

279 1343 329 1384 4.
366 1324 531 1371 Parius
557 1323 604 1370 in
630 1323 789 1371 Thaso
811 1322 914 1385 post
932 1324 1296 1386 quadragesimae
1319 1320 1409 1367 diei
1426 1320 1506 1384 ju-

216 1398 398 1446 dicium
422 1396 585 1444 recidit
625 1396 799 1460 pluries
837 1395 883 1441 in
914 1396 1168 1443 morbum:
1207 1396 1402 1441 demum
1427 1394 1508 1440 die

215 1475 465 1522 centefima
508 1485 555 1518 et
578 1471 805 1534 vigcfima
840 1483 1052 1518 mortuus
1094 1470 1189 1516 est:
1229 1469 1336 1516 huic
1375 1469 1509 1515 alvus

214 1549 273 1595 ab
297 1547 429 1595 initio
471 1546 530 1592 ad
567 1545 712 1591 finem
736 1544 880 1609 usque
916 1543 1095 1591 lubrica
1136 1556 1250 1599 erat,
1283 1557 1506 1589 excerne-

217 1623 393 1686 batque
441 1619 603 1669 biliosa
642 1620 819 1683 liquida
856 1619 1022 1675 multa,
1062 1632 1140 1666 aut
1173 1619 1206 1665 fi
1238 1616 1508 1673 subsisteret·2

215 1694 398 1745 fervida
421 1709 468 1743 et
492 1694 666 1743 cruda:
708 1695 851 1741 urinae
872 1694 1020 1757 usque
1053 1692 1113 1739 ad
1145 1693 1290 1740 finem
1313 1692 1472 1740 malae.
1527 1684 1539 1692 ⁴

602 1894 643 1941 C
712 1898 760 1943 A
828 1895 887 1941 P.
1023 1892 1112 1940 VI.

221 2028 621 2088 Animadverstones
651 2030 695 2073 in
721 2028 965 2089 Expofitam
994 2024 1205 2072 Vitalium
1231 2020 1510 2072 Periodorum

419 2104 463 2149 in
488 2102 666 2147 Morbis
691 2118 740 2146 ex
766 2102 1034 2163 Hippocrate
1060 2098 1290 2147 Tabulam.

229 2253 244 2283 1
258 2272 268 2283 .
289 2236 420 2336 VI
441 2235 524 2282 DI
543 2235 602 2281 M
621 2235 670 2282 U
684 2236 714 2281 S
738 2241 946 2297 primum
973 2234 1019 2280 in
1043 2233 1212 2280 morbo
1230 2232 1437 2280 mensem
1455 2248 1511 2279 ea

390 2308 692 2372 periodorum
718 2322 945 2371 perpetua
970 2307 1244 2355 succeffione
1287 2306 1510 2361 constare,

222 2394 274 2429 ut
296 2380 569 2445 judicatorii
611 2380 834 2427 circuitus
880 2381 958 2427 vel
994 2380 1040 2427 in
1088 2381 1280 2429 cunfflms
1324 2379 1512 2444 penitus

274 2574 287 2596 ⁵
318 2571 430 2623 Epid.
450 2572 501 2608 V.

270 2630 288 2652 ⁶
316 2632 429 2682 Epid.
451 2632 519 2668 III.
538 2632 628 2680 staff.
649 2630 705 2668 iii.
736 2629 898 2682 AEgrix„

272 2694 288 2717 7
317 2687 432 2729 Confi
453 2688 559 2742 AEgr,
586 2689 640 2729 iii,
675 2692 766 2729 Diei
785 2690 874 2728 XL.

859 2742 912 2789 H
952 2755 979 2789 2
1421 2738 1521 2788 dies
