1932 3319
357 297 416 346 92
583 278 698 328 DE
766 277 951 325 VIT.
1023 274 1412 324 PERIOD.

420 401 486 447 D.
526 398 671 463 Qod
696 399 726 444 si
753 397 933 460 insuper
956 395 1178 458 vigesima
1214 409 1338 441 nona
1378 392 1454 440 die
1489 393 1647 456 rigore

355 473 715 536 corriperentur,
755 471 807 517 iis
833 468 1184 533 quadragesima
1220 468 1295 514 die
1338 467 1528 513 morbus
1560 466 1647 512 de·

355 547 502 595 crevit
522 549 553 593 ³.
627 547 719 592 Vix
745 545 887 607 igitur
929 544 1114 590 Galerio
1144 541 1354 587 dandum
1390 540 1468 596 est,
1516 540 1647 603 Hip-

353 634 595 686 pocratem
614 621 714 682 post
739 619 991 666 Decimam
1027 630 1260 680 quartam,
1302 614 1428 678 quod
1448 630 1540 659 non
1559 613 1650 660 suis

353 697 460 744 satis
485 695 744 742 constantes
781 693 985 757 periodis
1024 692 1298 738 morborum
1341 688 1536 734 incessus
1576 687 1652 733 vi-

353 767 506 824 differ,
542 765 1096 832 propriumjudiciorum
1121 765 1265 818 diem,
1315 777 1434 822 vaga
1469 774 1652 824 tempo-

355 842 416 890 ris
441 841 867 906 circumscriptione
884 840 1134 886 dumtaxat
1158 835 1496 899 significavisse.

421 998 482 1047 E.
520 997 630 1046 Alia
655 995 863 1043 similiter
887 992 1425 1057 extantjudicationum‚
1452 991 1498 1038 in
1537 1006 1657 1054 qua-

353 1072 617 1135 dragesima
641 1072 736 1128 die,
783 1070 1095 1132 prognostica,
1140 1069 1257 1115 inter
1281 1084 1387 1132 quae
1433 1067 1491 1112 de
1530 1065 1657 1112 Nic-

354 1146 548 1209 talopia‚
591 1157 636 1190 et
655 1143 969 1189 coxendicum
997 1142 1242 1188 doloribus
1264 1140 1328 1185 sat
1347 1139 1444 1185 noti
1468 1151 1621 1185 textus
1643 1155 1656 1184 :

355 1236 500 1283 quam
525 1219 588 1264 ob
614 1215 799 1262 causam
835 1214 1014 1261 caeteris
1051 1213 1328 1260 circuitibus
1359 1212 1546 1274 paribus
1573 1212 1658 1258 de-

353 1292 663 1344 cernentibus,
700 1290 778 1335 iste
799 1288 1007 1335 similiter
1030 1304 1123 1335 non
1145 1285 1311 1351 injuria
1336 1283 1657 1349 conjungitur.

356 1367 617 1415 Adduntur
639 1363 781 1410 etiam
809 1362 855 1408 in
873 1360 1225 1423 exemplaribus
1254 1359 1488 1405 nonnullis
1508 1362 1660 1408 circu-

360 1440 450 1487 itus
475 1436 839 1502 quadragesimae
867 1448 1043 1498 quartae
1079 1433 1171 1479 diei
1211 1447 1256 1478 et
1291 1433 1661 1498 quadragesimae

359 1515 571 1561 oc⁴tavae1
611 1510 874 1575 cujusmodi
912 1523 1066 1556 tamen
1093 1508 1309 1573 exempla
1341 1511 1528 1574 propria
1552 1511 1659 1558 nul-

359 1589 405 1635 la
424 1588 549 1651 apud
569 1587 921 1650 Hippocratem
945 1583 1144 1646 repperi.

426 1737 482 1783 F.
522 1733 681 1796 Hujus
700 1731 988 1796 dieijudicia
1009 1730 1268 1793 nuperioris
1285 1731 1371 1779 aevi
1393 1731 1662 1794 nosologica

360 1809 536 1873 regesta
583 1808 717 1854 facile
755 1807 1034 1869 approbant.
1107 1805 1400 1869 Qotidiana
1437 1805 1664 1852 continua

360 1884 612 1947 periodica,
665 1882 869 1928 barbaris
914 1881 1092 1936 Latica,
1143 1897 1288 1943 quam
1327 1880 1534 1926 Bellinus
1576 1880 1660 1925 de·-

361 1958 552 2021 scripsit,
601 1957 681 2003 vix
719 1956 882 2001 desinit
914 1968 1018 2018 ante
1050 1955 1179 2001 diem
1222 1955 1659 2018 quadragesimam:

363 2034 419 2079 ad
441 2031 793 2094 Sexagesimum
821 2042 977 2075 autem
1011 2042 1056 2074 et
1080 2028 1270 2074 ulterius
1304 2028 1558 2091 aliquando
1578 2045 1662 2075 ex-

363 2106 524 2151 currit.
598 2103 750 2150 Simili
777 2118 972 2166 quoque
997 2101 1192 2164 periodo
1217 2102 1343 2148 lenta
1374 2099 1516 2146 febris
1542 2100 1663 2163 saepe

363 2179 574 2233 solvitur,
615 2193 761 2241 eaque
808 2193 953 2240 quam
992 2175 1126 2238 supra
1166 2193 1222 2221 ex
1266 2174 1664 2236 Manninghamio

364 2252 700 2314 descripsimus.
755 2250 1003 2298 Absceffus
1030 2250 1210 2312 hepatis
1239 2249 1410 2296 biliosis
1450 2248 1663 2296 febribus

367 2327 619 2388 aliquando
637 2325 1026 2390 supervenientes,
1049 2323 1130 2370 sub
1152 2324 1235 2371 isto
1247 2323 1431 2371 dierum
1451 2323 1658 2371 termino

366 2400 483 2465 saepe
509 2400 871 2448 manifestantur.

881 2617 896 2640 3
925 2616 1012 2653 Loc.
1034 2618 1096 2653 cil·

1458 2696 1482 2726 >1
1495 2715 1506 2725 .
1543 2677 1663 2745 Epi-
