1932 3319
428 268 797 319 AEGRoT.
854 266 971 315 ET
1030 267 1231 318 ΒΑΝ.
1427 286 1491 338 39

199 390 332 441 toriae
357 401 578 437 contextu
604 399 816 454 apparet,
852 385 1011 436 morbi
1033 386 1110 436 die
1132 387 1351 437 abortum
1385 392 1488 454 pas.

186 465 240 524 sa
261 465 325 514 est
342 466 399 517 ⁸⁷.

266 627 345 661 20.
383 612 651 676 Scomphus
676 611 723 659 in
763 612 986 660 OEniadis
1012 611 1274 676 phrenitide
1300 627 1489 676 correp-

196 698 289 745 tus,
336 700 550 735 mortuus
570 688 636 735 est
659 685 939 751 Septima²⁸.
1502 679 1513 686 ’

259 864 338 899 21.
376 850 513 897 Alter
537 848 746 897 fimiliter
770 849 816 898 in
839 848 1079 905 OEniadiS‚
1103 862 1150 899 et
1180 866 1238 898 ex
1276 850 1483 899 Andreae
1513 838 1519 842 ’

198 922 460 985 Fratribus,
494 938 707 980 mortuus
731 925 796 972 est
815 924 1029 990 Septima
1048 926 1104 971 ²⁹.

266 1086 347 1120 22.
385 1074 509 1136 Qae
547 1074 593 1131 in
629 1086 765 1137 partu
791 1072 1011 1121 concussa
1040 1071 1147 1130 fuit,
1188 1072 1310 1122 circa
1349 1071 1493 1136 septi-

199 1163 329 1200 mam
352 1147 480 1195 diem
503 1163 688 1195 mortua
712 1149 774 1195 est
793 1152 847 1197 ³⁹.

268 1310 348 1358 23.
388 1298 511 1362 Qae
533 1295 727 1358 superne
750 1293 1010 1349 habitabat,
1057 1293 1288 1341 Theoclis
1313 1309 1493 1357 cogna-

198 1381 267 1430 ta,
308 1369 434 1417 febre
475 1381 611 1414 acuta
640 1379 869 1430 correpta,
915 1367 965 1412 in
1014 1365 1252 1429 integrum
1293 1367 1493 1432 septima

168 1440 173 1444 ⁴
199 1446 279 1493 die
301 1444 510 1492 restituta
533 1442 665 1490 est³¹.

269 1616 349 1660 24.
385 1598 632 1649 Theodori
657 1599 798 1650 Uxor
838 1598 898 1645 ab
943 1598 1037 1643 alio
1078 1597 1244 1644 morbo
1269 1597 1494 1655 recidiva,

199 1673 386 1724 alterius
411 1674 566 1721 morbi
591 1672 786 1737 septima
804 1671 881 1718 die
902 1682 1090 1718 mortua
1108 1671 1171 1717 est
1187 1674 1241 1718 ³’.

268 1848 296 1881 2
303 1845 349 1896 5.
384 1831 569 1879 Euxeni
585 1833 740 1896 Uxor,
760 1830 860 1896 post
879 1827 1210 1884 remiffionem,
1232 1838 1419 1874 mortua
1433 1826 1499 1874 est

200 1907 278 1962 die
302 1907 496 1972 septima
513 1908 565 1952 ³³.

268 2055 348 2120 26.
387 2053 604 2117 Hyppiae
629 2055 784 2110 Soror,
801 2052 955 2101 hieme
982 2048 1259 2116 phrenitica,
1286 2046 1499 2113 Septima

203 2141 391 2194 mortua
414 2128 476 2175 est
494 2130 547 2175 ³⁴.

251 2292 288 2316 ¹⁷
315 2289 404 2327 Loc.
423 2290 486 2325 cit.²

251 2348 285 2371 ¹⁸
314 2348 428 2400 Epid.
444 2346 499 2387 V.

254 2408 290 2442 ³⁹
315 2409 405 2445 Loc.
419 2411 482 2446 cit.

251 2474 289 2501 30
315 2473 406 2511 Lac.
421 2474 484 2507 cit.

251 2535 287 2561 ³¹
316 2530 686 2584 EpidNILJecffii„

252 2594 290 2618 ³²
317 2592 424 2645 Epid
437 2591 615 2643 VILsee?
630 2589 670 2629 ii„

251 2658 287 2683 ³³
315 2656 404 2694 Loc.
424 2657 486 2691 cit.

250 2718 289 2759 {4
314 2716 404 2759 Loc.
426 2717 489 2754 cito

255 2768 258 2772 ’
480 2777 483 2779 ·
1200 2774 1280 2825 27.
1315 2756 1506 2808 Nicolai
