1932 3319
373 265 464 314 116
600 266 715 314 DE
773 266 1399 317 VIT.PER10D.
1462 226 1470 234 'i

367 399 571 463 positum
591 399 738 456 suum,
765 399 838 446 seu
864 399 1019 463 potius
1045 401 1260 457 Naturae,
1303 402 1557 449 constanter
1582 413 1652 449 tea

369 488 585 530 nuerunt,
611 474 740 538 quod
766 474 1069 520 undecimam
1096 487 1273 537 quartae
1311 475 1418 522 loco
1443 477 1653 523 conside-

369 561 540 607 rarent,
582 550 640 595 ab
679 565 824 612 eaque
859 548 914 594 ad
951 562 1165 612 quartam
1191 547 1423 595 decimam
1449 550 1655 597 similiter

368 623 769 684 progrederentur,
816 621 963 668 veluti
1002 637 1028 667 a
1073 632 1240 683 quarta
1286 621 1344 667 ad
1392 619 1654 684 septimam.

368 694 661 757 Expectabat
686 708 731 740 et
757 694 1015 742 Themison
1053 693 1243 741 tertium
1269 694 1414 751 diem,
1463 695 1656 758 quando

368 765 567 814 defiiffet
602 767 742 814 febris
783 783 862 814 aut
902 780 1024 813 certe
1067 766 1217 813 levata
1256 767 1382 824 esset,
1421 778 1467 812 et
1493 767 1657 816 cibum

369 837 542 886 dabat:
583 857 725 903 quam
758 839 978 886 medendi
1020 839 1231 902 regulam
1256 840 1288 886 fi
1316 852 1567 887 tenuerunt
1590 840 1657 898 hi,

369 912 541 974 quibus
589 929 848 959 commune
888 911 1003 958 nihil
1052 913 1135 958 hac
1184 912 1229 958 in
1265 928 1313 957 re
1347 929 1455 959 cum
1483 912 1658 975 Pytha·

369 985 535 1046 goraeis
556 984 706 1031 fuerat
728 1007 739 1037 ;
781 1001 891 1030 ecur
916 984 986 1030 his
1012 983 1207 1030 serviisse
1230 985 1555 1048 Hippocrates
1582 986 1658 1032 di—

371 1058 545 1104 cendus
571 1058 650 1115 est,
681 1057 812 1120 quod
834 1058 1035 1112 tertiam,
1071 1071 1305 1119 quartam,
1348 1072 1393 1106 et
1413 1058 1659 1122 septimam

369 1131 496 1178 diem
521 1130 567 1176 in
593 1129 767 1176 morbis
794 1130 1181 1177 consideraviffet.

434 1285 582 1332 XIII.
622 1288 818 1348 Qaeret
853 1284 1046 1332 fortassis
1086 1283 1273 1348 aliquis,
1313 1301 1466 1332 annon
1493 1284 1658 1332 Philo-

368 1359 617 1422 sophorum
644 1359 851 1421 aliquem
877 1358 1200 1420 Hippocrates
1228 1359 1275 1404 in
1293 1358 1545 1423 Sapientiae
1566 1358 1659 1405 stu-

368 1434 449 1481 dio
507 1434 688 1480 secutus
745 1433 823 1479 fit:
883 1445 1131 1495 propterea
1196 1449 1253 1478 an
1321 1434 1659 1496 PythagoreUS,

368 1525 427 1556 an
483 1508 760 1563 Socraticus,
826 1520 904 1553 aut
949 1505 1249 1553 Heracliteus
1299 1505 1336 1552 is
1382 1505 1544 1554 fuerit:
1600 1508 1662 1554 ad

366 1581 497 1644 quod
543 1580 818 1642 respondere
851 1578 998 1625 solent
1036 1579 1174 1641 plane
1225 1578 1432 1641 plurimi,
1526 1580 1658 1642 Hip-

367 1666 610 1716 pocratem
637 1652 698 1698 ita
729 1652 771 1698 se
800 1650 938 1714 juxta
975 1652 1210 1699 Naturam
1246 1651 1516 1715 praestitiffe,
1556 1653 1658 1699 sua-

370 1743 463 1790 que
484 1727 642 1773 omnia
667 1727 730 1773 ita
764 1727 822 1773 ad
862 1726 960 1789 ejus
1001 1726 1260 1772 institutum
1285 1722 1660 1785 conformaviffe,

370 1815 424 1848 ut
447 1802 479 1848 fi
505 1801 610 1865 quis
634 1814 857 1865 unquam,
892 1800 928 1847 is
951 1814 1074 1847 certe
1098 1800 1323 1848 sectarum
1350 1799 1550 1864 cujusvis
1575 1818 1660 1865 ge.

370 1875 489 1922 neris
516 1888 774 1937 expers,et
800 1891 856 1921 eo
889 1888 994 1920 ante
1037 1874 1151 1920 alios
1187 1873 1447 1937 sapientior,
1488 1890 1655 1922 eorum

362 1948 545 2011 judicio
571 1948 624 1994 fit
641 1947 984 1994 existimandus.
1027 1946 1191 2010 Qod,
1218 1946 1301 2009 qui
1325 1946 1547 2002 scribunt,
1573 1964 1658 1995 ve-

373 2039 474 2068 rum
492 2038 548 2067 an
571 2038 661 2068 non
678 2037 759 2084 per
774 2021 932 2068 omnia
951 2021 1168 2076 viderint,
1189 2019 1380 2068 difficile
1401 2019 1463 2066 est
1481 2020 1658 2068 dicere:

370 2097 618 2159 multoque
666 2097 807 2142 etiam
855 2096 1091 2142 difficilius
1131 2095 1210 2151 est,
1253 2094 1376 2142 sensa
1410 2094 1660 2145 hominum

371 2188 424 2218 ea
449 2173 495 2217 in
519 2188 567 2218 re
583 2169 763 2234 judicia
804 2171 1084 2218 immutare:
1126 2186 1296 2232 nempe
1316 2171 1445 2233 quod
1469 2171 1657 2233 finguli,

370 2261 476 2307 quae
501 2246 763 2307 cogitamus
788 2257 866 2290 aut
884 2243 1079 2290 facimus
1101 2244 1199 2306 ipsi,
1222 2242 1422 2290 aliorum
1450 2243 1658 2292 similiter

371 2319 460 2365 effe
481 2319 738 2365 credamuS.
778 2321 846 2365 At
866 2335 988 2364 certe
1003 2317 1128 2364 doeti
1151 2317 1409 2364 Medicinae
1426 2316 1656 2377 homines,

372 2405 418 2438 et
444 2390 536 2438 fere
563 2393 592 2438 ii
618 2396 777 2448 etiam,
796 2410 998 2457 quorum
1024 2394 1127 2456 plus
1153 2392 1417 2455 interposita
1441 2392 1658 2442 industria

373 2466 464 2511 Ars
480 2461 692 2518 increvit,
711 2464 789 2510 vix
807 2467 836 2512 s1
856 2481 948 2528 qua
966 2463 1046 2521 est,
1066 2481 1119 2511 ea
1134 2464 1272 2527 culpa
1283 2463 1658 2527 vacant,Sydhe-

373 2536 532 2591 namii,
550 2550 594 2582 et
608 2538 805 2599 Bagiivii
824 2540 1062 2602 exemplo,
1085 2540 1214 2602 quod
1232 2556 1400 2602 nempe
1420 2539 1655 2586 universa·

371 2612 467 2658 lem
489 2612 720 2674 quandam
746 2613 969 2660 scribendi
994 2614 1245 2662 formulam
1268 2614 1350 2662 fibi
1368 2613 1654 2676 sumpserint,

371 2683 502 2750 cujus
526 2683 814 2734 adminiculo
838 2690 1010 2746 omnia,
1036 2705 1142 2753 quae
1161 2690 1206 2737 'm
1232 2689 1414 2737 Natura
1435 2680 1653 2736 observa-

1470 2772 1652 2818 verant,

1878 3227 1911 3319 [ἔερζεκε.
