1932 3319
440 307 813 363 AEGRoT.
868 313 984 361 ET
1044 313 1251 367 SAN.
1414 317 1476 377 65

252 440 296 478 2.
330 431 539 490 Pithion‚
565 431 645 496 qui
673 430 1054 496 habitabatjuxta
1074 430 1282 477 Telluris
1309 432 1475 487 aedem,

182 501 389 555 Decima
414 507 629 555 sudavit:
664 505 791 570 sputa
818 509 1070 554 concosta:
1110 505 1350 566 judicatus
1379 508 1440 552 est
1463 527 1474 555 ε

180 580 326 627 altero
352 582 655 629 nihilominus
681 581 832 627 morbi
849 580 1033 644 judicio
1054 582 1192 644 longe
1217 581 1356 628 serius
1381 581 1473 628 ob-

175 654 391 702 veniente
417 657 449 702 ⁵.

204 794 226 834 ἶ
240 808 286 856 3.
328 796 665 843 Hermocrates
688 794 888 850 decima,
928 810 953 839 a
977 795 1199 852 recidiva,
1238 795 1330 852 die,
1363 812 1470 860 quae

176 877 323 924 tribus
365 895 390 924 a
428 878 614 925 decima
659 890 838 939 quarta,
882 876 926 922 in
954 894 1047 940 qua
1073 877 1164 923 fine
1190 877 1318 925 febre
1360 878 1465 934 suit,

175 950 340 997 diebus
381 951 617 998 subsecuta
663 951 743 1007 est,
791 951 867 997 die
910 950 1134 997 nimirum
1157 951 1469 1015 vigesima-et

177 1022 372 1086 ieptima
397 1025 573 1072 interiit
598 1023 633 1071 ⁶.

239 1180 290 1220 4.
331 1162 491 1209 Pithio
530 1163 575 1209 in
621 1162 796 1217 Thaso,
850 1157 931 1225 qui
978 1163 1294 1210 decumbebat
1325 1163 1464 1227 juxta

176 1237 405 1283 Herculis
431 1237 609 1293 fanum,
652 1238 834 1283 decima
860 1253 1015 1295 mane,
1056 1238 1303 1284 deficiente
1327 1256 1462 1296 voce,
1516 1249 1529 1263 “

175 1307 348 1373 frigido
373 1310 535 1358 sudore
564 1309 788 1373 perfusus,
830 1324 966 1356 acuta
1007 1309 1132 1355 febre
1170 1327 1356 1373 ereptus
1383 1313 1462 1360 est.

173 1384 384 1430 Labores
412 1385 681 1446 patiebatur
712 1383 877 1429 diebus
919 1383 1138 1446 paribus:
1176 1385 1390 1431 Tertiam
1415 1401 1462 1433 et

174 1458 407 1519 Qintam
431 1457 613 1519 quietas
640 1454 837 1503 habuit:
881 1457 1142 1517 Septimam
1159 1469 1316 1503 tamen
1351 1473 1463 1506 cum

171 1532 376 1595 inquiete
402 1531 655 1594 transegit:
693 1530 877 1576 Offikava
901 1530 1052 1577 adhuc
1079 1531 1227 1578 rursus
1259 1532 1303 1579 in
1331 1533 1462 1595 pejus

170 1620 350 1653 ruente.
423 1605 638 1660 Sudavit‚
686 1616 738 1650 ut
779 1618 987 1667 apparet,
1029 1606 1105 1651 die
1140 1623 1231 1652 non
1282 1609 1460 1664 critica,

170 1680 387 1726 Decimae
434 1679 665 1742 siquidem
709 1677 896 1724 sudores
961 1679 1126 1725 nullibi
1172 1680 1462 1742 Hippocrati

170 1754 448 1802 laudantur:
486 1770 594 1800 cum
618 1753 861 1801 sudoribus
885 1770 1043 1799 revera
1061 1755 1300 1808 occubuit,
1323 1757 1462 1803 alter-
1511 1794 1514 1798 .

171 1841 264 1891 que
290 1826 500 1883 Pithion,
548 1825 679 1889 cujus
721 1828 854 1889 supra
879 1826 1200 1884 meminimus,
1250 1830 1362 1876 licet
1387 1830 1461 1876 su-

169 1902 370 1958 daverit,
405 1903 574 1949 recidit
599 1917 757 1948 tamen
782 1902 828 1948 in
856 1904 1076 1950 morbum
1103 1909 1141 1949 ⁷.

218 2104 230 2128 ⁵
259 2103 373 2153 Epc‘cl.
396 2101 468 2139 III.
489 2103 578 2153 [αἱ
599 2101 625 2139 i.
656 2104 770 2153 AEgr.
793 2101 818 2140 i.

214 2160 232 2181 ⁶
259 2163 348 2198 Lac.
370 2164 433 2198 eit.
456 2163 571 2212 AEgr.
588 2160 626 2197 ii.

215 2223 230 2246 7
260 2219 348 2256 Lib.
365 2223 425 2256 cit.
441 2222 531 2270 sec‘l.
549 2218 602 2256 iii.
635 2221 751 2270 sEg7-.
769 2218 823 2255 iii.
879 2218 1101 2268 suspeetum
1121 2219 1372 2260 nihilominus
1393 2223 1464 2261 hu-

158 2279 221 2330 jus
242 2278 314 2317 diei
334 2279 484 2318 laethale
500 2279 689 2330 judicium
711 2278 960 2316 Galeno‘suit
977 2296 984 2317 :
1017 2279 1266 2333 adhibitoque
1284 2296 1362 2332 prae
1392 2298 1462 2321 cae-

161 2338 251 2377 teris
282 2338 395 2388 hujus
429 2339 646 2390 aegrotantis
679 2339 857 2389 exemplo
894 2340 1074 2385 notarios,
1109 2340 1183 2377 five
1216 2341 1464 2392 antigraphos

161 2397 404 2436 similitudine
422 2400 635 2437 litterarum
663 2411 839 2435 numeros
860 2399 1106 2449 designantes,
1130 2400 1303 2438 erravisse
1325 2402 1461 2439 confir-

161 2456 307 2496 mavit:
352 2471 472 2508 quare
506 2457 692 2496 Pithionis
722 2459 899 2495 morbum
937 2457 976 2495 in
1004 2458 1241 2496 undecimam
1266 2460 1458 2501 distraxit:

159 2517 338 2555 consensit
358 2518 573 2567 nuperrime
590 2532 677 2555 curn
699 2518 852 2554 Galeno
867 2518 915 2554 A.
933 2518 977 2555 de
994 2519 1119 2565 Haen,
1141 2521 1234 2556 Rm‘.
1254 2521 1355 2558 Med.
1376 2534 1414 2570 p.
1434 2520 1460 2558 i.
1481 2517 1490 2523 ,

158 2587 236 2629 cap.
250 2576 303 2613 iv.
359 2576 441 2614 Cur
461 2589 586 2615 tamen
607 2577 650 2614 de
666 2578 870 2615 scribarum
890 2591 1015 2615 errore
1038 2577 1077 2615 in
1105 2579 1178 2616 hoc
1198 2580 1332 2616 morbo
1347 2579 1458 2629 suspi-

158 2636 218 2674 cio
243 2635 425 2684 incurrat,
458 2651 534 2674 non
559 2637 671 2674 facilc
695 2637 826 2674 video:
864 2649 965 2676 certe
995 2651 1072 2676 non
1099 2638 1172 2677 alia
1200 2638 1355 2676 decimae
1387 2638 1462 2676 diei

155 2692 300 2743 judicia
319 2697 420 2747 apud
439 2697 710 2749 Hippocratem
729 2697 878 2738 desunt.

788 2759 827 2804 F
933 2822 941 2829 Ἴ
1235 2771 1280 2819 5.
1317 2758 1458 2804 Uxo-
