1932 3319
453 264 998 313 AEGROT.ET
1057 266 1252 316 SAN.
1394 273 1478 323 181

197 408 310 442 ones
346 405 392 442 et
419 395 603 443 termini
629 398 868 461 proprium
906 397 1160 462 quemdam
1178 400 1483 449 ,circuituum

194 470 403 518 ordinem
423 471 716 520 constituant.

260 631 309 674 4.
347 617 403 664 In
441 632 644 680 quorum
669 616 873 675 censum,
919 616 1305 679 Epidemicorum
1347 619 1481 665 Mor-

194 688 363 736 borum
389 692 539 736 exitus
563 692 700 752 plane
722 692 857 738 multi
877 693 1087 746 veniunt,
1119 691 1299 738 summo
1316 691 1481 738 Medi-

194 775 262 807 cae
283 761 517 816 Historiae,
544 764 601 807 ab
628 763 934 825 Hippocratis
953 775 1086 809 aetate
1113 763 1158 808 in
1183 765 1298 809 hanc
1322 762 1480 826 usque,

192 833 425 880 consensu.
495 835 852 896 Judicationum
874 837 1099 899 siquidem
1125 837 1408 896 cessationes,
1434 851 1481 884 et

183 903 494 968 judicationes
519 908 662 954 etiam
691 908 870 970 prorsus
894 910 1050 963 nullae,
1101 921 1178 954 aut
1203 909 1361 955 saltem
1388 910 1481 957 dis--

191 980 355 1046 ficiles,
401 981 696 1045 nimiumque
722 981 969 1038 diuturnae,
1013 983 1131 1045 saepe
1158 983 1202 1028 in
1229 984 1478 1046 Populari-

189 1052 276 1099 bus
293 1056 350 1100 ab
368 1054 662 1117 Hippocrate
688 1070 1023 1112 memorantur,
1052 1073 1306 1119 earumque
1331 1058 1479 1104 consi-

189 1127 323 1178 milia
367 1128 549 1191 prorsus
595 1130 824 1192 exempla,
889 1132 970 1193 qui
1017 1131 1157 1192 longa
1201 1132 1300 1193 post
1344 1145 1479 1179 aetate

190 1200 502 1263 Hippocratis
527 1202 688 1248 laudes
711 1202 1087 1249 observationum
1113 1204 1315 1250 utilitate
1332 1218 1376 1250 et
1394 1221 1478 1250 ve-

189 1272 325 1319 ritate
349 1275 570 1337 aequavit,
619 1277 718 1322 Th.
743 1277 1007 1337 Sydhenam
1032 1276 1153 1322 vidit
1173 1276 1216 1321 in
1238 1277 1478 1323 Constitu-

187 1346 314 1393 tione
333 1350 583 1395 Annorum
613 1351 756 1411 1673,
793 1363 873 1410 74,
911 1363 971 1411 75
994 1367 1004 1394 t
1048 1349 1094 1395 id
1110 1348 1233 1395 enim
1256 1351 1478 1397 Febrium

187 1435 338 1481 genus
363 1414 561 1474 Natura*³
602 1422 790 1467 methodo
816 1423 907 1479 fibi
921 1420 1154 1482 peculiari,
1223 1438 1288 1466 ‚me
1313 1423 1479 1481 vistbili

186 1492 338 1555 aliqua
356 1494 629 1540 evacuatione
652 1494 899 1558 ablegabat,
936 1510 1096 1555 eaeque
1134 1494 1319 1556 egregie
1344 1495 1476 1541 sana-

188 1569 360 1616 bantur
380 1568 504 1614 victu
530 1568 674 1622 tenui,
717 1581 762 1614 et
782 1568 1053 1613 tenuiffimae
1091 1567 1317 1613 cerevisiae
1340 1582 1475 1630 potu,

186 1658 273 1689 nec
298 1642 438 1688 semel
475 1641 686 1687 adhibita
722 1640 1021 1704 purgatione,
1053 1656 1219 1686 verum
1257 1641 1477 1688 consueta

187 1716 394 1777 corporis
414 1713 758 1773 exercitatione,
784 1726 830 1760 et
854 1729 962 1759 aura
986 1713 1204 1759 liberiore
1229 1714 1473 1777 permistis,

188 1787 353 1833 Simile
376 1787 620 1849 quidpiam
649 1786 772 1849 apud
814 1786 1211 1848 Edimburgenses
1237 1789 1476 1834 memoriae
1496 1784 1508 1789 ⁴

184 1861 430 1924 proditum
454 1861 516 1907 est
532 1864 579 1908 in
607 1860 951 1907 Constitutione
973 1861 1310 1907 Morbillorum
1336 1865 1473 1923 pessi-

185 1938 252 1982 mi
277 1936 434 1992 moris,
484 1949 531 1982 et
555 1935 701 1981 Febre
717 1935 855 1992 lenta,
893 1950 998 1997 quae
1017 1937 1212 1981 Annum
1243 1950 1363 1998 1735
1391 1952 1474 1983 oc-

186 2011 393 2073 cupavit.
465 2010 564 2057 Alii
612 2025 814 2072 namque
839 2009 1006 2055 delirio
1039 2011 1386 2071 premebantur,
1429 2023 1476 2057 et

186 2082 316 2129 brevi
353 2082 596 2128 sudoribus
631 2080 974 2143 frangebantur,
1017 2098 1072 2127 ex
1099 2081 1239 2145 iisque
1265 2083 1340 2128 alii
1366 2082 1476 2145 qui-

186 2156 298 2202 dem
324 2154 490 2201 melius
515 2154 557 2200 se
583 2153 838 2208 habebant3
876 2154 953 2200 alii
980 2169 1165 2201 contra:
1193 2171 1357 2202 eorum
1382 2155 1473 2203 eti·-

187 2246 265 2276 am
288 2229 444 2285 multi,
470 2228 640 2291 absque
665 2227 760 2274 ulla
779 2227 1019 2275 manifesta
1037 2228 1132 2274 crisi
1158 2228 1430 2275 sanabantur
1441 2233 1472 2275 ¹.

186 2303 417 2351 Similiter
439 2319 496 2349 ex
519 2302 811 2365 Epidemicis
828 2302 1074 2357 FebribuS,
1111 2319 1225 2366 quas
1241 2301 1472 2365 descripsit

187 2377 439 2434 Bianchus,
479 2389 578 2422 tam
603 2376 776 2434 mixtis,
818 2393 962 2440 quam
986 2375 1291 2440 simplicibus,
1345 2377 1472 2423 nulla

185 2450 280 2501 fere
304 2451 531 2510 interfuit,
558 2468 664 2515 quae
689 2452 787 2498 crisi
807 2451 1013 2515 perfecta
1038 2451 1184 2499 soluta
1209 2452 1364 2498 effet2.
1414 2452 1470 2499 In

234 2640 248 2658 ¹
277 2632 395 2671 Conf.
414 2632 504 2670 Obs.
533 2633 608 2670 Soc.
626 2632 773 2673 Edimb.
793 2631 907 2682 ejusd.
928 2633 1031 2678 Ann.

232 2691 250 2731 Ξ
273 2691 374 2741 Ηξβ.
396 2691 531 2744 Hepat.
551 2704 639 2742 947.

750 2750 799 2799 N
836 2765 866 2813 3
1319 2747 1472 2796 Febre
