1932 3319
440 248 573 338 172²
683 269 801 320 DE
856 267 1043 318 v1T.
1101 266 1488 319 1>ER101·>‚v

809 490 849 538 C
918 491 967 539 A
1035 489 1092 537 P.
1263 489 1353 537 IV.

435 636 507 684 De
530 635 686 690 Statis,
712 643 754 679 et
780 634 975 695 propriis
999 631 1253 680 Morborum
1282 647 1311 677 a
1325 628 1532 692 stmplici,
1571 638 1613 676 et
1624 628 1727 691 sola

504 709 745 756 Solidorum
774 708 958 767 Laefione
985 705 1275 768 pendentium,
1318 704 1532 759 Periodis,
1564 702 1726 763 fimili-

504 793 656 846 terque
693 785 738 829 in
776 783 862 838 his,
908 792 1040 844 atque
1079 782 1122 827 in
1164 780 1484 843 Superioribus,
1524 778 1730 838 constanti

501 857 907 920 Hippocraticorum
936 858 1204 904 Circuituum
1233 856 1449 901 Veritate.

440 1012 480 1044 ι.
679 997 723 1042 O
743 996 788 1040 R
805 995 843 1041 B
862 995 907 1040 O
926 995 973 1039 R
991 993 1041 1041 U
1060 992 1121 1040 M
1146 991 1358 1055 quidem,
1385 990 1467 1055 qui
1503 990 1599 1038 sola
1622 1006 1731 1038 con-

698 1069 815 1116 stant
836 1067 1108 1115 Solidorum
1127 1067 1326 1124 laefione,
1344 1065 1595 1129 multiplex
1614 1065 1733 1113 ratio

436 1143 528 1197 est3
570 1159 720 1206 neque
737 1142 871 1190 facile
892 1155 1072 1206 queunt
1091 1159 1252 1189 omnes
1270 1142 1316 1189 in
1342 1158 1493 1190 unum
1517 1138 1733 1189 conferri.

435 1216 538 1266 Alii
555 1233 759 1281 namque
783 1234 840 1264 ex
860 1215 1069 1263 absoluta
1087 1217 1208 1265 fiunt
1228 1216 1365 1264 solidi
1386 1230 1539 1264 textus
1555 1215 1734 1262 immu-

439 1291 620 1338 tatione
641 1309 651 1338 ε
675 1291 951 1354 exemplum
970 1292 1032 1338 est
1050 1292 1095 1340 in
1116 1292 1336 1349 contusis,
1356 1290 1544 1346 luxatiS,
1564 1287 1738 1346 fraffls,

440 1365 711 1423 vulneratis,
766 1364 1063 1424 exulceratis,
1109 1366 1204 1413 &a
1263 1382 1470 1430 quorum
1516 1364 1742 1428 pleraque

445 1441 788 1505 Chirurgorum
815 1459 959 1506 opera
984 1443 1211 1491 sanantur.
1283 1441 1384 1489 Alii
1411 1454 1569 1488 autem
1594 1439 1740 1486 solam

441 1513 534 1564 fere
574 1528 756 1579 ponunt
794 1530 1011 1563 motuum
1037 1516 1084 1563 in
1117 1513 1292 1563 Solidis
1318 1514 1654 1562 aberrationem
1680 1512 1741 1560 ab

444 1581 714 1630 inordinato
737 1595 1127 1646 praetercurrente
1154 1582 1373 1639 stimulo3
1413 1582 1490 1629 alii
1516 1580 1740 1647 denique,

441 1655 677 1719 utrasque,
711 1672 827 1719 quas
850 1656 1217 1712 nominavimus,
1257 1656 1428 1702 cauffas
1454 1653 1746 1718 conjunffim

444 1729 648 1776 habent:
698 1729 957 1792 cujusmodi
1004 1731 1052 1778 in
1097 1743 1348 1794 utramque
1397 1741 1579 1793 partem
1625 1726 1746 1790 saepe

446 1803 552 1850 sunt
576 1819 826 1850 nervorum
850 1804 1022 1851 morbi.
1090 1804 1227 1851 Circa
1242 1820 1364 1867 quos
1388 1818 1550 1850 omnes
1575 1801 1746 1849 iterum

444 1892 714 1934 monemus,
763 1876 1118 1940 subsequentem
1159 1878 1412 1924 humorum
1439 1876 1594 1923 labem
1620 1873 1748 1938 pari-

448 1963 518 1997 ter
549 1950 768 1996 omnibus
809 1950 1044 2013 postremo
1081 1962 1366 2014 competere,
1401 1964 1511 1997 cum
1536 1948 1748 2012 primum

450 2025 508 2072 ad
536 2026 830 2090 aliquantum
855 2027 1079 2090 temporis
1104 2025 1403 2073 intervallum
1419 2024 1617 2089 jamque
1635 2038 1748 2087 por-

450 2099 697 2162 riguntur:
742 2112 796 2146 ut
838 2115 1089 2165 propterea
1129 2101 1305 2159 isthaec,
1347 2116 1489 2164 quam
1528 2098 1748 2162 ponimus

453 2174 724 2221 morborum
748 2174 929 2233 divifio,
973 2175 1130 2239 potius
1169 2175 1226 2222 ad
1254 2174 1467 2238 primum
1500 2172 1747 2237 aegritudi-

455 2246 525 2294 nis
565 2248 937 2305 incitamentum,
985 2266 1129 2313 quam
1165 2250 1223 2297 ad
1260 2248 1552 2314 perdurantis
1591 2247 1748 2299 morbi

456 2321 658 2367 caufl'am
676 2319 783 2385 jure
808 2322 965 2370 referri
991 2335 1153 2387 queat.

530 2482 575 2512 2.
614 2469 689 2515 Ut
736 2470 878 2533 igitur
923 2471 1143 2536 quaedam
1190 2469 1374 2518 dierum
1419 2469 1653 2517 motiones
1700 2467 1748 2516 in

460 2540 637 2586 morbis
664 2542 720 2587 ab
741 2545 920 2607 origine
946 2561 1055 2591 cum
1091 2545 1317 2591 materiali
1350 2545 1502 2591 cauffa
1524 2542 1748 2606 conjunc·

461 2614 536 2670 tis,
583 2616 787 2662 maxime
828 2619 1027 2666 Naturae
1067 2619 1230 2665 amicae
1276 2618 1397 2675 sunt,
1449 2617 1614 2681 easque
1653 2630 1748 2664 non

462 2687 598 2738 facile
621 2691 713 2737 Ars
734 2706 961 2749 removet,
995 2709 1070 2742 eas
1094 2692 1301 2741 similiter
1318 2695 1374 2742 ad
1394 2694 1590 2742 alterum
1612 2690 1747 2746 istud,

1689 2764 1751 2812 de'
