1932 3319
360 287 733 337 AEGROT.
793 283 908 334 ET
968 286 1166 334 SAN.
1311 303 1401 351 143

117 424 230 471 liore
275 420 548 470 remiffionis
593 420 858 477 intervallo,
919 419 1087 466 morbo
1146 417 1204 464 ad
1253 434 1416 466 acmen

117 500 360 560 vergente,
407 497 681 543 acceffiones
719 508 824 541 ante
867 493 1062 556 integrae
1085 490 1179 540 diei
1205 493 1415 555 comple-

117 583 333 617 mentum
368 575 670 626 renovantur,
726 581 780 616 ut
822 569 1055 632 postremo
1103 568 1420 614 acceffionum

115 660 338 691 numerus
362 643 545 691 dierum
570 658 819 689 numerum
840 658 933 689 non
959 641 1162 704 amplius
1182 654 1414 704 coaequet.

115 718 174 765 In
200 718 270 765 his
296 716 440 781 igitur
462 715 611 764 rursus
637 717 696 764 ad
719 719 998 764 acceffiones
1019 714 1246 778 respicere
1270 715 1418 763 tutius

115 791 193 849 est,
222 790 456 854 juxtaque
481 808 557 838 eas
582 791 788 838 febrium
813 790 1037 838 circuitus
1060 789 1330 853 supputare.

189 956 209 986 1
223 953 266 987 2.
361 953 618 1002 uamquam
644 938 730 985 hac
750 938 921 985 iterum
942 937 988 983 in
1010 953 1058 983 re
1078 938 1342 984 cavendum
1361 937 1426 984 est

118 1029 175 1060 ne
203 1015 514 1061 acceffionum
540 1028 761 1060 numerus
803 1029 888 1061 nos
927 1010 1091 1058 fallat:
1132 1012 1184 1059 fit
1209 1012 1339 1060 enim
1371 1026 1425 1059 ut

116 1085 274 1149 plures
298 1102 394 1133 uno
420 1085 688 1150 eodemque
708 1085 783 1133 die
810 1084 1013 1132 febrium
1038 1084 1230 1132 insultus
1254 1101 1423 1132 move·

121 1172 274 1216 antur,
312 1176 488 1223 perque
513 1160 682 1207 omnia»
715 1159 991 1206 incrementi
1033 1171 1080 1205 et
1125 1157 1264 1206 status
1301 1173 1427 1207 tem-

119 1250 238 1297 pora
257 1233 420 1280 sensim
443 1247 721 1282 excurrant:
770 1234 895 1281 unde
919 1250 1030 1280 vera
1053 1234 1237 1295 prorsus
1270 1234 1426 1282 acces-

120 1307 303 1354 slonum
344 1321 559 1371 tempora
594 1306 960 1356 confunduntur.
1035 1307 1179 1353 Casus
1217 1319 1345 1353 extat
1379 1307 1428 1353 in

120 1379 429 1426 Hemitritaeo
469 1380 621 1426 Ceffi:
660 1380 851 1444 aliique,
895 1380 976 1443 qui
1002 1380 1049 1426 in
1074 1380 1197 1426 hunc
1240 1380 1428 1428 censum

121 1453 336 1509 veniunt,
357 1453 744 1501 exercitatiffimis
759 1453 953 1500 Clinicis
973 1454 1127 1501 morbi
1147 1455 1430 1518 allegantur.

121 1526 190 1573 Et
215 1543 379 1574 eorum
398 1527 593 1591 quidem
619 1528 715 1587 alii,
759 1542 988 1591 quantum
1004 1529 1294 1577 observando
1318 1545 1432 1593 pro-

125 1599 211 1660 fui,
234 1618 259 1648 a
278 1603 448 1650 morbo
467 1603 587 1661 sunt,
609 1603 689 1650 alii
707 1619 802 1651 non
823 1605 953 1660 item,
973 1604 1271 1668 pendentque
1290 1620 1316 1651 a
1334 1621 1431 1652 non

125 1678 412 1726 naturalibus
432 1679 589 1738 rebus,
614 1692 719 1725 tum
739 1695 850 1724 vero
867 1679 1076 1725 maxime
1102 1679 1159 1725 ab
1186 1679 1431 1727 incurren-

132 1751 260 1798 tibus
284 1752 401 1799 aeris
425 1766 473 1800 et
496 1753 784 1818 tempestatis
809 1753 1203 1801 vicissitudinibus
1225 1773 1236 1802 ε
1285 1772 1433 1819 quam

129 1823 193 1872 ob
214 1826 415 1871 cauffam
439 1825 486 1872 in
508 1826 796 1873 variantibus
827 1826 966 1884 veriS‚
994 1828 1303 1890 autumnique
1328 1829 1433 1877 die-

126 1899 215 1946 bus
239 1915 312 1946 eas
337 1899 617 1946 morborum
658 1899 1013 1962 irregularitates
1051 1901 1258 1947 maxime
1295 1902 1432 1949 vide-

130 1987 256 2027 muS,
303 1990 456 2036 exque
498 1973 654 2021 subita
697 1974 962 2036 insurgente
1013 1975 1238 2037 procella,
1281 1975 1434 2025 subito

132 2047 274 2095 etiam
298 2048 425 2109 quali
450 2048 685 2095 breviores
716 2048 986 2095 incurrentis
1011 2047 1149 2095 febris
1168 2051 1432 2112 paroxysmi

133 2123 271 2178 fiunt,
312 2122 437 2184 iique
462 2121 707 2168 confestim
727 2122 986 2179 remittunt,
1022 2139 1118 2186 quo
1134 2123 1342 2187 primum
1361 2125 1433 2172 so-

138 2196 241 2242 luto
268 2195 416 2243 imbre
441 2196 623 2243 coelum
643 2209 838 2259 pacatur
859 2214 870 2243 ε
914 2198 1042 2260 quod
1065 2214 1228 2245 eorum
1268 2198 1433 2263 impri-

137 2271 227 2318 mis
253 2271 330 2328 est,
379 2271 461 2334 qui
500 2270 740 2319 imbecilla
767 2288 863 2334 prae
904 2273 1096 2336 reliquis
1129 2275 1432 2337 corporalia-

140 2347 271 2396 bent.
344 2346 597 2409 Propterea
620 2345 985 2408 expeditiffimos
1020 2347 1294 2394 morborum
1341 2348 1432 2396 cir-

140 2420 294 2467 cuitus
308 2423 344 2477 ',
392 2431 438 2468 et
461 2419 592 2467 crises
625 2419 828 2466 maxime
854 2419 1033 2476 fideles,
1081 2420 1195 2468 sudo
1231 2423 1435 2470 exstante

141 2495 268 2544 coelo
301 2509 441 2559 atque
465 2496 622 2543 sereno
659 2494 775 2550 fieri,
822 2496 1145 2544 verosimiliter
1172 2497 1432 2546 Hoffman-

573 2705 671 2741 ,πῃ-,4.
692 2706 780 2743 [eas.
800 2704 879 2755 Sst.
911 2705 989 2741 Vos.
1007 2705 1037 2741 r.

1352 2787 1436 2817 mis
