1932 3319
457 233 548 306 με
683 229 801 298 DE
854 247 1036 301 vir.
1095 231 1482 299 PERIOD,

453 382 594 431 incisa
616 398 750 440 vena,
798 382 978 430 tametsi
1003 382 1182 438 iterato,
1229 382 1393 429 critica
1415 375 1738 445 hemorrhagia

449 457 740 524 prohibetur.
813 460 859 507 Is
912 468 1035 505 certe
1078 473 1213 506 venae
1258 457 1536 506 seditionibus
1582 458 1738 505 neuti-

451 551 596 599 quam
619 534 876 593 abhorruit,
924 534 1089 599 easque
1123 548 1300 591 contra,
1341 534 1401 580 ad
1446 533 1587 598 usque
1619 533 1739 580 deli-

450 611 621 675 quium
647 611 788 658 animi
816 610 862 657 in
886 611 1064 658 morbis
1089 612 1291 658 maxime
1314 610 1565 657 dolorificis
1589 609 1738 665 suasit3

449 700 503 733 ut
525 703 610 734 nec
636 705 768 735 venae
789 687 960 734 vulnus
986 687 1143 733 claudi
1168 687 1310 734 vellet
1333 703 1475 750 quam
1503 683 1738 745 sanguinis

448 762 580 808 color
599 765 884 808 mutaretur⁵
903 779 914 807 ε
935 777 1077 825 quam
1098 761 1136 808 is
1157 760 1409 824 aliquando
1428 758 1578 806 tenuit
1600 774 1742 821 regu*-

447 834 544 881 lam
571 835 615 880 in
635 836 822 895 Juvene
838 836 1062 899 quodam,
1081 835 1162 899 qui
1179 847 1339 882 ventre
1363 834 1582 880 dolebat:
1609 829 1740 878 eous-

449 925 543 972 que
563 910 688 956 enim
713 909 753 955 ei
778 909 1050 972 sanguinem
1073 909 1196 955 misit
1213 928 1284 964 εως
1300 907 1467 973 &gall-cog
1482 918 1643 966 εφενετο,
1663 907 1750 953 do-⁴

448 997 525 1027 nec
532 982 632 1040 fine
629 984 848 1044 sanguine
865 982 974 1045 (ffel,
1002 996 1147 1044 quem
1172 981 1217 1027 in
1242 981 1438 1027 modum
1462 980 1603 1026 vertit
1626 980 1740 1027 Cle-

450 1054 575 1101 riCus
595 1054 635 1115 ⁶,
683 1055 896 1118 proprius
922 1055 1071 1102 donec
1098 1054 1321 1117 exanguis
1359 1065 1439 1100 aut
1463 1052 1740 1100 semianimis

449 1126 618 1177 sufflet.
700 1128 926 1176 Similiter
950 1129 1184 1192 utriusque
1213 1127 1389 1174 brachii
1413 1143 1555 1173 venas
1574 1126 1739 1190 aperiri

450 1200 498 1247 in
523 1201 694 1264 angina
717 1201 867 1260 suasit,
904 1216 951 1250 et
991 1201 1259 1266 sanguinem
1299 1201 1483 1264 copiose
1525 1200 1739 1257 fundere,

449 1274 685 1339 secarique
742 1276 910 1323 morbo
965 1276 1227 1340 propriores
1287 1274 1515 1338 perstante
1572 1274 1741 1323 'dolore

443 1350 629 1418 juffit⁷z
680 1366 821 1415 quare
846 1366 902 1396 ex
937 1351 1143 1407 naribus,
1192 1364 1238 1398 et
1275 1349 1445 1405 fronte,
1487 1349 1533 1395 in
1575 1348 1741 1412 capitis

447 1429 630 1483 dolore,
658 1424 932 1489 sanguinem
965 1425 1131 1472 duxit:
1187 1437 1365 1488 contra,
1398 1422 1613 1485 mitigato
1653 1424 1741 1480 do-

449 1503 549 1551 lore
583 1500 734 1562 magis
774 1498 947 1544 dissitas
985 1514 1012 1544 a
1035 1497 1191 1545 morbi
1228 1494 1332 1544 sede
1377 1513 1520 1543 venas
1559 1496 1740 1560 aperiit.

453 1573 731 1640 Cujusmodi
770 1572 1022 1636 singulares
1058 1572 1103 1618 in
1135 1571 1313 1618 morbis
1344 1571 1557 1617 vasorum
1582 1572 1740 1619 delec-

454 1663 547 1706 tus,
585 1646 900 1710 mittendique
938 1645 1171 1708 sanguinis
1213 1645 1417 1701 consilia,
1458 1644 1647 1708 propius
1684 1646 1745 1692 ad

451 1724 745 1772 Herculeam
770 1719 994 1766 medendi
1015 1719 1241 1766 rationem
1254 1719 1503 1783 pertinent,
1545 1719 1744 1784 plusque

453 1797 597 1844 etiam
638 1811 781 1861 quam
819 1792 1015 1857 simplex
1072 1808 1209 1840 venae
1254 1792 1409 1848 sectio,
1473 1792 1519 1839 in
1566 1793 1743 1842 morbis

450 1870 681 1935 praestant.

515 1970 560 2016 9.
598 1951 706 2000 Nec
745 1964 857 1996 vero
881 1950 1252 2012 praetereundum
1290 1948 1353 1995 est
1386 1947 1742 2011 Hippocratem

452 2026 678 2089 singulare
706 2040 824 2086 opus
866 2025 924 2071 de
951 2023 1318 2071 Medicamentis
1344 2039 1604 2087 eorumque
1643 2023 1739 2069 vir-

452 2102 635 2148 tutibus
677 2097 954 2145 confecisse:
994 2098 1124 2160 quod
1163 2111 1431 2161 temporum
1467 2095 1645 2143 incuria
1668 2096 1740 2143 in-

452 2174 653 2222 tercidit.
723 2171 937 2218 Plurima
955 2184 1133 2228 tamen,
1175 2188 1282 2235 quae
1322 2171 1509 2234 sparsim
1551 2170 1599 2216 in
1640 2169 1738 2234 ejus

451 2249 583 2296 libris
622 2245 820 2295 adversae
861 2246 1138 2293 valetudinis
1173 2246 1379 2310 praesidia
1421 2257 1740 2293 memorantur

501 2450 514 2472 ⁵
545 2445 660 2482 Conf.
690 2445 778 2482 Lib.
798 2446 839 2483 de
856 2447 947 2484 Rat.
968 2448 1065 2484 Vm.
1086 2450 1122 2483 in
1141 2446 1281 2483 Asi-fis.

499 2507 518 2529 ⁶
547 2507 704 2557 Jrsflffl’a
721 2523 755 2544 ce
772 2509 1140 2561 qu’ilfutsanjstmnjt.
1195 2507 1293 2558 Hst.
1314 2508 1353 2546 de
1381 2509 1417 2545 ln
1432 2509 1532 2548 Med.
1568 2508 1653 2549 Lib.
1675 2498 1747 2547 HI·

446 2578 521 2620 cap.
542 2567 623 2604 xix.

501 2631 515 2655 7
545 2626 659 2665 Conf.
689 2628 802 2679 Epid.
820 2628 869 2668 vi¹

1627 2709 1685 2743 CU
1693 2712 1740 2744 s’ss
