1932 3319
405 266 776 315 AEGROT.
836 265 950 313 ET
1011 266 1209 314 SAN.
1402 284 1464 335 29

177 385 330 442 miles,
374 401 573 449 quarum
601 385 848 431 nonnullas
871 385 982 432 alibi
1007 383 1131 448 quali
1156 401 1238 448 per
1262 377 1466 432 transen-

175 474 286 505 nam
323 460 707 506 memorabimus.
800 459 954 507 Probe
988 459 1161 506 etenim
1203 459 1468 506 cavendum

172 529 252 586 est,
277 547 334 577 ne
359 546 491 579 antea
515 533 572 579 de
593 531 904 595 inconspectis
923 534 986 578 D.
1016 532 1124 577 Seni
1151 533 1290 577 rebus
1310 531 1464 594 pluri-

173 605 263 653 mis
280 604 569 669 judicemus,
606 622 749 671 quam
781 607 923 670 plane
957 607 1131 653 constet
1167 607 1225 652 de
1262 605 1469 651 maxime

173 679 316 726 dubia
334 697 496 727 eorum
516 681 746 729 librorum
768 680 1056 737 auetoritate„
1088 680 1258 744 quibus
1284 693 1468 726 contra—

172 754 404 803 dictarum
444 773 602 804 rerum
639 756 807 804 inditia
848 757 1124 819 allegantur.
1199 757 1305 803 Nec
1338 752 1472 817 quod

1292 827 1469 876 infruc-

163 997 201 1025 et
234 985 321 1025 Lib.
343 986 388 1025 de
407 990 499 1027 Rat.
521 990 646 1027 ViHus
677 992 715 1026 in
742 988 884 1035 Acutls,
911 987 1094 1038 praeclara
1117 986 1299 1038 pulsuum
1318 983 1476 1023 mentio.

165 1049 428 1098 Qamobrem
446 1062 533 1087 cum
553 1050 732 1087 Galenus
751 1048 818 1087 vix
833 1050 1017 1101 pulsuum
1035 1048 1230 1086 scientiam
1249 1044 1479 1098 Hippocrati

163 1108 351 1160 denegare
387 1109 557 1155 auderet,
592 1123 674 1146 eam
706 1121 834 1147 tamen
879 1108 990 1145 valde
1025 1107 1285 1158 imperfestam
1313 1108 1361 1144 D.
1388 1105 1478 1144 Seni

163 1167 299 1206 tribuit
326 1184 337 1214 ;
378 1180 545 1219 eumque
564 1169 711 1205 secutus
742 1167 893 1206 Foefius
931 1165 1176 1204 notabiliores
1204 1176 1354 1204 tantum
1390 1165 1478 1215 pul-

163 1228 275 1265 suum
296 1225 538 1273 variationes,
569 1227 768 1278 oculisque
789 1227 901 1264 etiam
921 1227 1060 1277 absque
1081 1227 1183 1263 tactu
1203 1225 1422 1276 conspicuas
1435 1224 1477 1261 in

165 1285 307 1324 morbis
327 1286 420 1336 signi
455 1288 540 1323 loco
560 1287 606 1324 ab
626 1287 863 1337 Hippocrate
889 1286 1036 1323 habitas
1054 1284 1374 1334 fuiffejudicavit,
1395 1294 1478 1321 tum

164 1355 202 1382 et
221 1343 382 1391 confuse,
416 1343 605 1395 quicquid
624 1345 664 1383 in
687 1360 845 1397 corpore
864 1346 1039 1396 pulsaret,
1070 1345 1202 1395 pulsus
1237 1342 1390 1381 nomine
1415 1343 1479 1380 de-

165 1403 374 1454 fignavisse.
431 1406 565 1454 Qare
585 1406 658 1442 hoc
684 1405 914 1456 prognoseos
932 1419 1055 1456 genus
1087 1403 1366 1454 Hippocratem
1387 1415 1478 1452 neg·

162 1462 303 1509 lexssse,
334 1472 400 1500 aut
427 1461 566 1514 frigide
602 1465 808 1502 excoluisse
840 1478 861 1501 a
886 1463 1083 1515 plerisque
1108 1462 1343 1500 medicorum
1361 1460 1476 1498 itera-

162 1534 244 1564 tum
276 1523 338 1571 est,
371 1532 410 1561 et
441 1537 566 1575 nuper
584 1527 631 1564 ab
650 1525 802 1564 erudito
828 1524 869 1563 in
893 1525 1090 1564 Medicina
1109 1524 1194 1561 viro
1209 1523 1273 1561 Cl.
1293 1521 1481 1560 Zimmer-

161 1600 331 1626 manno:
372 1584 488 1625 Conf.
508 1587 639 1626 L’Art
667 1590 723 1626 des
742 1590 882 1640 Exper.
949 1587 1024 1626 Sed
1053 1586 1211 1638 jamque
1243 1585 1406 1623 multam
1437 1583 1478 1621 in

163 1642 392 1684 vindicanda
421 1643 650 1695 Hippocrati
676 1645 886 1697 sphigmica
904 1656 998 1693 arte,
1031 1656 1075 1682 ut
1093 1655 1248 1683 caeteros
1279 1642 1403 1681 miffos
1423 1642 1478 1679 fa-

160 1703 271 1754 ciam,
303 1705 347 1744 P.
361 1705 581 1763 Martianus
600 1719 756 1756 operam
781 1706 1021 1744 contulerat:
1054 1719 1141 1742 cum
1155 1704 1257 1743 enim
1276 1704 1329 1741 11.
1344 1703 1476 1741 Praed.

161 1768 307 1806 librum
325 1768 551 1806 luculentus
571 1766 845 1806 commentario
870 1767 1088 1814 ornaviffet‚
1120 1767 1207 1818 plus
1235 1764 1362 1803 adhuc
1381 1778 1423 1802 ea
1438 1763 1478 1802 in

163 1841 203 1866 re
222 1827 470 1880 Hippocratis
490 1826 655 1866 studium
669 1827 967 1873 commendavit,
995 1827 1101 1879 quod
1117 1826 1241 1864 multo
1258 1824 1323 1863 ille
1343 1823 1477 1862 nostris

163 1886 326 1926 Medicis
352 1886 575 1938 diligentior
601 1901 679 1925 non
709 1887 750 1924 in
782 1901 897 1938 carpo
927 1896 1093 1933 tantum,
1131 1896 1173 1924 ut
1198 1884 1224 1922 ii
1242 1895 1279 1922 et
1299 1897 1368 1922 nos
1388 1883 1477 1921 faci·

163 1961 264 1994 mus,
275 1947 338 1985 sed
356 1946 397 1984 in
416 1946 592 1985 universo
607 1961 703 1998 pene
727 1960 886 1998 corpore
906 1946 1130 1985 arteriarum
1142 1955 1289 1983 motum
1304 1943 1476 1983 observa-

163 2009 275 2049 verit.
331 2009 481 2046 Verum
497 2007 611 2045 etiarn
629 2007 797 2058 plurima
814 2009 859 2046 de
873 2008 986 2058 pulsu
1007 2007 1266 2058 Hippocrates
1295 2019 1317 2042 a
1336 2005 1476 2043 Demo·

162 2071 259 2108 crito
278 2067 459 2107 audiviffe
485 2068 622 2115 fertur,
651 2081 739 2105 cum
771 2067 818 2104 ad
843 2069 947 2106 hunc
966 2068 1072 2119 qua-fi
1093 2065 1355 2111 insanientem,
1386 2063 1477 2103 civi-

162 2131 235 2168 bus
261 2128 299 2166 id
330 2126 589 2177 opinantibus,
621 2126 798 2164 medendi
823 2127 948 2164 caussa
981 2126 1195 2164 acceffiffet:
1229 2125 1354 2162 fertur
1373 2137 1476 2161 narn-

162 2204 240 2245 que
271 2187 536 2227 Democritum
559 2188 738 2238 pulsuum
755 2186 1051 2237 investigationi,
1086 2183 1351 2238 Pythagoraeis
1365 2184 1474 2222 audi-

162 2251 224 2297 tis,
271 2246 478 2298 plurimam
499 2245 636 2283 dedisse
668 2258 835 2296 operam.
908 2245 1025 2284 Conf.
1061 2245 1197 2283 Boeth.
1233 2247 1293 2283 De
1323 2244 1475 2292 Mgfica.

163 2312 347 2362 Apparet,
382 2307 646 2355 nihilominus,
686 2306 791 2358 quod
814 2309 884 2344 vix
899 2306 1064 2344 credibile
1093 2308 1153 2355 effi’
1177 2306 1326 2344 dixerat
1345 2304 1475 2343 Eusta-

163 2370 290 2416 chius,
317 2371 444 2406 Onom.
468 2367 543 2405 loc.
563 2366 628 2405 cit.
650 2367 926 2419 Hippocratem
943 2366 1174 2418 plerumque*
1207 2364 1334 2403 vitalis
1355 2365 1474 2403 facul-

162 2429 252 2468 tatis
280 2439 452 2466 tenorem
472 2427 703 2478 cognovisse,
741 2427 788 2464 ad
820 2427 894 2465 alia
912 2427 1063 2477 prorsus
1090 2440 1209 2479 quarn
1243 2425 1290 2464 ad
1324 2426 1475 2475 pulsum

165 2487 491 2528 animadversione
525 2486 712 2526 adhibita.
777 2486 948 2524 Omnino
986 2486 1016 2524 is
1049 2485 1191 2524 etenim
1223 2499 1271 2524 ex
1303 2485 1475 2523 omnium

166 2551 513 2590 Phaenomenorum
543 2548 758 2598 Syndrome
786 2547 832 2584 de
852 2547 1084 2584 Morborum
1110 2546 1264 2583 Natura
1293 2556 1330 2583 et
1364 2545 1474 2582 exitu

169 2609 372 2663 praedicere
388 2607 519 2646 solitus
540 2607 679 2655 fuerat,
714 2621 758 2645 ea
769 2605 1001 2658 conjunctim
1034 2605 1240 2644 sumendo:
1272 2619 1352 2657 qua
1377 2605 1416 2641 in
1435 2617 1474 2639 re

170 2682 258 2709 ante
285 2668 379 2710 alios
400 2681 535 2706 verum
568 2681 655 2707 cum
685 2666 815 2719 paucis
847 2664 941 2706 mihi
973 2665 1101 2704 vidisse
1120 2664 1284 2704 videtur.
1342 2665 1474 2714 Qam

909 2720 916 2728 ”
1423 2722 1475 2759 ob
