1932 3319
441 255 807 306 AEGROT.
866 254 982 304 ET
1041 255 1241 302 ΒΑΝ.
1412 268 1476 320 75

191 376 417 425 cretiones
464 374 648 424 biliosas
680 375 727 423 in
750 374 1002 423 undecima
1037 373 1130 430 die,
1171 384 1382 420 mortuus
1422 372 1486 420 est

199 449 401 514 Decima
424 449 590 513 quinta
608 452 642 497 ³.

257 611 305 658 3.
348 599 474 660 Qae
495 595 541 642 in
565 595 813 657 Bulagorae
832 593 939 641 vico
959 604 1240 657 perpurgata
1256 591 1338 648 est,
1363 591 1489 640 deci-

194 686 273 716 ma
293 670 462 734 quinta
484 671 560 717 die
594 667 775 716 sudavit
810 685 919 715 cum
953 668 1143 731 rigore:
1182 683 1275 714 non
1303 665 1489 730 judica-

196 743 333 790 batur
359 757 464 790 ante
489 742 720 806 rigorem:
768 742 944 807 pallida
974 740 1095 789 facta
1124 741 1189 790 est
1216 741 1380 788 valde:
1422 739 1490 787 fa-

193 814 278 865 ciei
306 815 662 864 circumtens1o-⁴⁸
700 829 748 864 et
771 815 1048 865 contraffio.

515 1004 874 1052 DIES
1024 1003 1168 1056 XVI.

263 1144 329 1191 A.
373 1144 558 1205 Desunt
598 1144 722 1207 apud
747 1144 1116 1208 Hippocratem,
1152 1159 1260 1207 quae
1283 1156 1387 1191 tuto
1426 1143 1487 1189 ad

200 1217 455 1265 Decimam
503 1217 680 1264 sextam
735 1218 983 1265 transferas
1007 1237 1018 1266 ε
1046 1217 1165 1264 vidit
1211 1231 1370 1265 tamen
1416 1216 1495 1264 Cl.

201 1292 652 1356 Wintheringham¹
669 1291 715 1337 in
740 1292 1019 1355 Epidemica
1039 1290 1166 1338 febre
1182 1293 1310 1339 Anni
1341 1306 1465 1354 1719
1482 1309 1496 1338 ε

204 1384 259 1413 ea
301 1384 470 1429 nempe
511 1368 588 1412 die
629 1367 776 1412 soluta
809 1367 915 1413 alvo
960 1366 1108 1413 febres
1136 1365 1498 1429 judicabantur:

199 1441 428 1505 plurimas
453 1439 660 1489 similiter
680 1455 734 1485 ea
758 1438 833 1484 die
870 1440 1098 1486 recidivas
1133 1440 1253 1486 vidit
1286 1442 1332 1487 in
1360 1439 1494 1486 Con-

206 1515 441 1582 stitutione
463 1515 593 1563 Anni
619 1530 740 1577 1703
770 1520 834 1562 A.
870 1515 1110 1563 Loewius.

517 1685 565 1731 D
638 1685 659 1731 I
732 1684 774 1730 E
843 1685 873 1730 S
1020 1683 1186 1731 XVII.

273 1826 337 1871 A.
378 1825 546 1871 Sextus
573 1825 618 1872 in
644 1824 937 1880 circuitibus,
970 1824 1052 1887 qui
1083 1823 1301 1887 judicant
1337 1824 1504 1873 diebus

206 1890 493 1953 imparibu35
541 1891 727 1939 sudores
767 1891 950 1938 criticos
1003 1889 1167 1937 affert:
1220 1905 1503 1952 aegrotantes

205 1964 416 2027 plerique
444 1964 490 2010 in
509 1966 654 2027 Thasi
685 1965 1036 2012 Constitutione
1071 1964 1156 2010 hac
1177 1964 1252 2010 die
1293 1965 1503 2023 restituti,

205 2034 453 2102 postquam
482 2031 606 2083 statis
631 2037 908 2099 quibufdam
928 2034 1131 2097 periodis
1158 2034 1436 2095 interpositis
1457 2035 1505 2084 in

209 2108 432 2154 morbum
453 2109 746 2156 recidissent:
781 2110 898 2172 saepe
930 2108 1142 2154 decernit
1181 2109 1227 2154 in
1262 2108 1500 2159 febribus:

209 2174 455 2246 spectanda
479 2184 641 2239 etiam,
684 2185 814 2248 quod
837 2182 1048 2246 Septima
1071 2182 1126 2228 sit
1150 2184 1207 2229 ab
1234 2182 1506 2231 Undecima

212 2255 451 2312 inclusive,
498 2271 544 2311 et
646 2270 773 2303 uarta
806 2272 832 2302 a
863 2255 1065 2302 Decima
1093 2267 1289 2318 quarta:
1327 2255 1503 2303 sudori-

212 2329 320 2381 ferae
346 2328 497 2376 febres
522 2331 757 2377 nonnullis
782 2330 866 2376 hac
893 2329 968 2376 die
984 2328 1334 2394 judicabantur.

255 2534 269 2556 ³
299 2528 396 2580 ΑΝ).
418 2528 513 2566 vn.
529 2530 619 2580 scit.
639 2527 680 2569 110

256 2592 275 2637 ἐ
302 2588 415 2638 Epid.
438 2587 512 2626 IV.
671 2586 674 2589 ’

262 2649 275 2689 ⁵
303 2648 426 2710 msa.
1241 2707 1280 2754 B
1335 2705 1504 2755 Delia.
