1932 3319
401 301 464 348 66
634 298 750 346 DE
807 298 991 347 VIT.
1050 297 1437 346 PERIOD.

471 431 515 481 5.
577 417 793 465 Uxorem
841 417 1034 480 Gorgia:
1074 415 1216 464 febris
1246 415 1391 480 usque
1425 415 1484 464 ad
1523 415 1687 465 decem

404 488 582 551 primos
606 490 704 537 dies
731 490 879 536 tenuit
895 488 930 538 ⁸.

471 629 516 675 6.
555 629 772 678 Fullones
815 629 1004 676 decima
1044 629 1119 675 die
1156 627 1371 692 judicati,
1419 627 1557 675 tertio
1613 639 1691 674 aut
1755 627 1760 632 ’

405 718 572 766 quarto
598 705 770 760 mense,
811 703 1151 768 colliquefactis
1175 704 1444 760 ventribus,
1471 702 1689 751 deorsum

407 778 617 839 maligna
641 780 956 842 egerentibus,
995 782 1168 825 mortui
1205 777 1307 825 sunt
1326 779 1360 823 ⁹.

767 1006 1120 1057 DIES
1255 1003 1350 1051 XI.

475 1143 540 1189 A.
579 1140 789 1204 Qintus
815 1157 872 1187 ex
898 1138 1171 1186 circuitibus
1196 1134 1697 1198 imparibusjudican-

409 1216 567 1264 tibus:
607 1216 755 1263 crifim
795 1214 1038 1263 sudoribus
1087 1211 1254 1259 infert:
1294 1210 1540 1274 spectanda
1585 1211 1705 1258 item

412 1290 530 1346 dies,
566 1292 692 1354 quod
717 1291 903 1337 alterius
929 1289 1195 1353 septimanae
1219 1301 1383 1350 quarta
1412 1286 1493 1334 sit:
1526 1302 1584 1333 ex
1607 1303 1702 1350 quo

413 1367 530 1412 item
568 1366 877 1429 Hippocratis
924 1366 1030 1411 loco
1067 1376 1212 1427 patet,
1237 1368 1523 1424 quartanam'
1546 1362 1702 1425 perio-

413 1440 547 1495 dum,
584 1456 727 1502 quam
752 1439 937 1503 proprie
964 1438 1229 1500 nuperiores
1260 1449 1450 1492 vocant,
1489 1435 1591 1501 ejus
1616 1435 1706 1483 sal-

413 1527 510 1558 tem
528 1511 711 1575 judicio
736 1511 1077 1558 observabilem
1103 1511 1190 1556 effe
1229 1523 1333 1556 ante
1362 1508 1697 1559 Undecimam.

413 1585 586 1632 Febres
612 1584 876 1632 sudoriferae
902 1584 1184 1647 Hippocrati
1208 1583 1332 1640 visae,
1358 1584 1591 1631 nonnullis
1615 1585 1701 1632 hac

415 1656 491 1702 die
518 1656 763 1703 ceffabant.

485 1805 539 1850 B.
584 1802 858 1849 phreniticis
897 1816 1054 1849 autem
1098 1819 1189 1850 non
1241 1803 1400 1850 omnia
1439 1802 1707 1867 praescripta

419 1878 726 1923 accidebant:
760 1875 1094 1939 judicabantur
1129 1878 1406 1942 plerumque
1442 1879 1517 1925 die
1557 1877 1706 1924 unde-

421 1952 542 1997 eima
566 1968 576 1997 :
620 1950 815 2013 quidam
841 1951 1064 2014 vigesima
1087 1960 1119 1998 ¹.

489 2097 545 2142 C.
591 2093 890 2159 Qibusdam
927 2111 1037 2140 vero
1080 2095 1274 2142 morbus
1301 2093 1608 2158 judicabatur
1631 2088 1710 2141 die

424 2172 704 2218 undecima:
744 2170 1056 2216 revertebatur
1080 2171 1264 2217 decima
1289 2185 1484 2234 quarta:
1516 2169 1708 2233 judica·-

427 2249 565 2292 batur
591 2244 791 2308 perfecte
816 2244 1043 2306 vigefima
1065 2247 1100 2292 ².

471 2441 485 2463 ⁸
515 2443 628 2493 Epitl.
649 2443 703 2479 Ὺ.

471 2506 486 2527 9
517 2503 629 2553 Ji'ps'a']
654 2503 750 2539 VII.
780 2504 930 2553 stH.-ii.

473 2566 484 2583 ¹
519 2562 629 2612 Epid.
653 2562 684 2599 I.
701 2565 793 2612 scel.
814 2563 849 2600 ii.
865 2563 954 2612 stat.
980 2562 1018 2601 iii

470 2632 487 2651 2
514 2624 600 2660 Lcc.
622 2627 682 2661 cs't.

1433 2722 1436 2724 -
1458 2691 1521 2737 D.
1561 2687 1710 2736 Multi
