1932 3319
365 245 739 297 AEGROT.
797 245 913 293 ET
979 248 1179 297 SAN.
1321 265 1413 315 139

120 382 247 430 enim
289 381 345 429 ad
379 379 599 444 pulsuum
635 378 922 427 mutationes
957 396 1053 427 non
1083 396 1276 427 omnem
1298 397 1414 430 con-

117 455 305 505 verterit
329 458 652 522 Hippocrates
677 455 976 513 industriam,!
1003 456 1050 503 in
1076 455 1268 519 aliisque
1293 474 1413 519 prae-

117 545 188 582 ter
209 533 414 597 pulsum,
456 535 593 598 signis
602 533 895 597 judiciorum
922 531 1145 597 praesagia
1169 533 1411 590 locaverit,

118 606 441 670 ingruentium
466 622 623 655 tamen
642 607 1014 671 symptomatum
1035 605 1286 663 feritatem,
1307 624 1416 671 quae

116 681 302 729 anetam
332 681 472 728 febris
518 680 866 728 vehementiam
900 679 1176 738 monstrant,
1225 680 1262 727 is
1303 680 1415 728 dili-

117 755 379 816 gentiffime
420 754 637 811 contulit,
685 766 733 801 et
772 754 860 800 hae
906 754 1199 818 potiffimum
1236 754 1315 802 via
1354 756 1415 801 de

115 826 393 875 morborum
437 826 821 876 converfionibus
868 841 914 874 et
961 827 1087 876 exitu
1125 842 1232 876 ante
1253 829 1418 876 dixiffe

117 898 321 948 videtur.

184 1063 230 1112 5.
268 1050 507 1098 Caeterum
533 1047 852 1096 decumbente
866 1048 1065 1113 jamque
1091 1067 1238 1114 aegro,
1285 1050 1413 1098 ordi-

115 1136 236 1169 natae
273 1136 377 1169 tum
402 1121 599 1186 quidem
622 1121 826 1168 maxime
851 1123 1225 1184 paroxismorum
1261 1123 1416 1177 acces-

114 1197 263 1245 fiones
287 1199 428 1255 fiunt,
465 1187 709 1260 majorque
734 1196 779 1242 in
807 1197 976 1243 morbo
1001 1197 1251 1244 universim
1278 1215 1417 1262 regu-

113 1270 286 1328 laritaS,
305 1270 503 1335 jamque
528 1283 632 1316 tum
651 1269 862 1316 incurrit.
936 1269 1046 1316 Sive
1078 1271 1251 1317 etenim
1270 1272 1415 1320 decu-

117 1342 273 1391 bitum
312 1343 484 1408 ipsum,
529 1342 816 1407 jacendique
872 1343 1075 1388 modum
1125 1345 1415 1407 intueamur,

116 1417 189 1465 seu
226 1417 318 1464 loci
359 1417 745 1480 perpetuitatem,
793 1427 1186 1479 caeterarumque,
1229 1435 1335 1481 quae
1358 1422 1417 1467 ad

114 1506 294 1553 aegrum
309 1489 563 1553 pertinent,
590 1504 748 1537 rerum
764 1487 1155 1537 ordinatiffimam
1184 1492 1416 1540 affiduita-

114 1575 231 1620 tem,
273 1577 377 1611 tum
398 1563 607 1610 maxime
630 1563 749 1610 liber
771 1562 924 1609 morbi
953 1562 1157 1625 impetus
1182 1565 1262 1620 est,
1300 1582 1415 1613 con-

113 1647 184 1682 tra
208 1653 372 1700 quam,
398 1637 516 1684 dum
551 1636 694 1684 nullis
723 1635 874 1682 adhuc
903 1634 946 1682 se
972 1635 1159 1698 legibus
1185 1652 1417 1700 aegrotans

113 1710 403 1773 obbligavit,
441 1710 665 1772 Vitaeque
683 1708 803 1755 vires
839 1708 1081 1771 impedite,
1116 1723 1163 1756 et
1187 1711 1409 1759 intertur-

115 1782 229 1830 bato
252 1782 418 1829 ordine
443 1783 678 1845 prodeunt
700 1800 712 1829 z
761 1798 905 1846 quare
929 1798 1015 1828 nec
1036 1783 1296 1832 admodum
1315 1804 1416 1834 ma-

117 1848 296 1898 nifestae
327 1851 604 1896 accessiones
630 1850 872 1911 ingruunt,
899 1850 1162 1912 cunetaque
1186 1851 1415 1899 confufim

118 1922 398 1988 procedunt,
432 1937 485 1969 ut
509 1923 639 1986 quasi
673 1923 766 1969 fine
801 1936 916 1986 typo
944 1923 1135 1970 morbus
1159 1924 1247 1969 effe
1279 1925 1416 1972 vide-

119 2009 238 2045 atur.

185 2137 235 2185 6.
262 2138 374 2198 Jam
394 2151 505 2183 vero
525 2137 557 2183 fi
578 2137 768 2200 quando
786 2141 1099 2186 accessionum
1113 2152 1325 2203 tempora
1344 2141 1415 2189 in-

123 2210 334 2260 ordinate
358 2225 655 2270 moveantur,
694 2225 774 2258 aut
792 2212 931 2258 etiam
952 2230 1046 2260 non
1070 2213 1244 2261 fuerint
1261 2216 1415 2262 mani-

121 2285 248 2342 festa,
286 2301 439 2349 neque
480 2285 668 2333 fibimet
712 2300 991 2350 aegrotantes
1038 2288 1277 2344 constent3
1315 2303 1417 2338 turn

115 2359 312 2424 quidem
335 2359 539 2407 Medico
564 2360 825 2408 videndum
851 2361 930 2417 est,
978 2378 1034 2410 an
1071 2362 1332 2427 quidquam
1358 2381 1416 2411 ex

114 2433 353 2498 popularis
399 2433 553 2480 morbi
593 2447 696 2480 tum
744 2433 983 2496 grassantis
1024 2435 1181 2497 genio,
1225 2435 1319 2483 five
1357 2453 1415 2484 ex

117 2507 312 2573 proprio
333 2507 508 2564 morbi,
544 2524 640 2572 quo
665 2508 896 2566 laborant,
923 2510 1200 2565 charaetere,
1227 2509 1265 2558 is
1293 2511 1340 2557 in
1366 2528 1414 2558 re

118 2582 264 2629 dubia
286 2583 515 2646 proficere
538 2584 692 2645 poffit.
765 2583 898 2647 Saepe
924 2601 1128 2648 namque
1170 2585 1217 2631 in
1242 2586 1413 2648 vulga-

114 2655 248 2705 -ribus
273 2655 469 2716 morbis,
501 2655 626 2705 statis
651 2656 1012 2706 constantissime
1031 2659 1199 2707 diebus
1225 2660 1414 2706 morbo-

1310 2750 1414 2782 rum
