1932 3319
476 260 540 319 84
723 259 838 309 DE
895 261 1081 311 VIT.
1141 262 1530 313 PERIOD.

538 383 595 432 Β,
630 379 953 428 Observabilis
1001 383 1317 448 Hippocratis
1349 382 1539 445 judicio
1564 383 1610 431 in
1632 381 1766 431 Peri-
1815 423 1838 430 -

470 453 761 520 pneumonia
800 455 896 501 dies
924 462 958 504 ¹.

538 592 597 644 C.
627 596 770 644 Cadit
786 597 831 643 in
853 597 977 644 hunc
997 597 1122 644 diem
1145 613 1237 644 una
1258 612 1314 644 ex
1333 597 1544 657 crifibus‚
1563 612 1765 662 quarum

468 685 527 716 ex
552 672 743 718 Foresto
777 672 1098 719 meminimus.
1169 673 1330 719 Febris
1367 672 1650 735 Epidemica
1674 672 1768 719 Pe·

468 744 695 799 techialis,
719 761 824 809 quae
839 748 982 793 Anno
1004 746 1127 808 1699
1149 745 1447 792 Uratissaviae
1471 746 1669 809 grassata
1687 744 1769 802 est,

468 816 555 864 hac
613 818 899 882 frequentius
949 820 1025 866 die
1070 820 1343 866 desinebat:
1407 836 1508 866 raro
1546 819 1768 882 exemplo

467 889 514 936 in
543 895 964 957 Qadragefimam
995 892 1139 956 usque
1170 892 1496 956 porrigebatur
1519 895 1553 939 ⁸.
1608 891 1770 941 Furti-.-

423 990 426 993 ·
466 967 531 1013 da
550 968 730 1024 Febris,
773 984 916 1031 quam
946 971 1090 1014 Anno
1122 981 1247 1027 1720
1274 967 1657 1013 intercurrentem
1683 965 1768 1012 de-

467 1040 640 1101 scripsit
681 1040 758 1085 Cl.
782 1039 1219 1100 WVintheringham,
1269 1039 1352 1085 ista
1393 1040 1631 1102 praecipue
1661 1057 1768 1088 ver-

465 1128 606 1178 gente
633 1114 726 1160 diei
754 1115 950 1176 periodo
973 1117 986 1139 ³
1014 1114 1270 1159 definebat.
1313 1115 1447 1176 Saepe
1479 1115 1629 1161 'etiam
1655 1132 1767 1164 cum

462 1190 702 1254 Vigefima
721 1206 825 1237 eam
859 1190 1008 1236 amice
1036 1187 1307 1252 conjurasse,
1335 1189 1626 1254 alteramque
1652 1191 1767 1239 alte-

464 1265 560 1311 rius
607 1263 763 1310 vicem
811 1263 1089 1326 implevisse,
1128 1262 1294 1308 eadem
1341 1277 1561 1310 manente
1609 1265 1766 1313 morbi

465 1336 815 1383 Constitutione
854 1337 1155 1383 observatum
1203 1336 1297 1382 est:
1365 1338 1494 1400 quod
1542 1337 1661 1400 saepe
1714 1340 1768 1386 fit

465 1410 513 1456 in
544 1411 766 1473 gastricis,
817 1410 1009 1474 aliisque
1045 1409 1299 1456 consimilis
1326 1410 1487 1458 census
1516 1410 1725 1460 febribus
1749 1429 1766 1460 z

462 1483 538 1529 hae
562 1482 794 1547 fiquidem
820 1484 851 1529 s1
878 1482 1070 1548 quando
1096 1484 1295 1545 Qartae
1322 1483 1522 1531 decimae
1546 1485 1767 1547 periodos'

461 1558 710 1619 effugiant,
750 1558 837 1614 his,
876 1574 995 1621 quos
1022 1556 1244 1612 diximus,
1283 1556 1452 1604 diebus
1485 1559 1766 1624 plerumque

456 1630 659 1694 judicari
707 1632 885 1677 solent:
948 1629 1123 1692 hosque
1166 1629 1198 1674 s1
1246 1630 1500 1694 effugerint
1539 1633 1766 1680 terminos

464 1704 585 1767 saepe
610 1704 655 1750 in
683 1703 1124 1768 Qadragefimam,
1157 1702 1560 1766 Oetuagefimam,
1592 1705 1764 1755 Cente-

463 1777 647 1834 fimam,
685 1792 730 1824 et
755 1778 877 1823 ultra
902 1775 1044 1822 etiam
1070 1789 1337 1822 excurrunt.

539 1933 581 1967 1.
614 1922 667 1968 In
695 1918 855 1965 Thaso
880 1916 1072 1965 Dealcis
1092 1917 1230 1965 Uxor
1252 1915 1477 1980 vigesima
1498 1916 1653 1981 prima
1686 1915 1765 1966 die

464 2007 654 2041 mortua
678 1991 740 2037 cst
763 2001 801 2038 4.

535 2150 579 2182 2.
617 2132 969 2197 Leophorbidae
1000 2129 1134 2179 desiit
1170 2130 1312 2180 febris
1347 2131 1576 2196 vigesima
1609 2131 1762 2196 prima

464 2211 543 2259 die
571 2212 610 2254 5.

512 2399 526 2417 ¹
557 2395 616 2432 De
629 2394 741 2432 Dielz.
761 2395 885 2444 Judic.
909 2402 985 2445 cap.
1002 2406 1040 2430 v-
1061 2393 1102 2430 de
1111 2387 1337 2446 Peripneum.

510 2457 527 2475 ²
555 2454 671 2501 Const.
693 2455 803 2504 Epid.
830 2455 1094 2500 U7·at4ss.Ann.
1119 2455 1231 2507 1699.

513 2519 528 2543 3
558 2513 675 2550 Conf.
698 2515 793 2550 Com.
816 2514 938 2564 Nqshl.

512 2582 531 2604 4
557 2576 669 2627 Epid.
692 2573 862 2623 HLfiffiJ.
880 2573 933 2611 iii.
954 2576 1069 2627 AEgy.
1087 2587 1156 2613 xv.

509 2640 530 2664 -s
556 2633 670 2685 Epid.
688 2629 780 2676 VIL
794 2633 886 2682 suff.
903 2631 928 2671 i.

1501 2670 1754 2756 D'IES
