1932 3319
344 221 1245 270 AEGROT.ETSAN.
1365 236 1453 272 ιιι

164 368 254 416 ego
278 365 451 410 tamen,
499 352 531 400 fi
564 368 671 418 quae
690 351 894 399 levitatis
920 351 966 398 in
990 350 1285 415 Aphorismis
1323 351 1457 399 incu-

166 429 336 487 santur,
374 446 429 477 ea
469 447 494 476 a
516 429 798 480 Democrito
830 428 1039 493 profecta
1064 428 1152 474 effe
1168 425 1460 490 judicavero,

165 519 308 567 quem
334 505 656 569 Hippocrates
677 505 901 562 amicum,
938 517 985 552 et
1004 516 1347 568 praeceptorem
1370 503 1462 549 eti-

166 594 242 624 am
267 578 485 642 suspexit.

236 728 282 775 9.
321 713 572 768 Praeterea,
608 728 716 775 quae
734 712 794 759 de
833 711 1135 775 privatiffima
1154 710 1466 774 Imparitatum

170 787 215 832 in
233 786 494 849 judicando
518 786 746 848 potestate
770 787 828 833 ab
851 787 1156 850 Hippocrate
1181 786 1465 848 allegantur,

166 862 323 908 denuo
369 860 544 908 refutat
606 858 819 924 opposita
858 860 997 924 plane
1043 861 1214 907 eodem
1253 859 1468 907 Auctore

167 931 410 990 sententia,
478 948 586 996 quae
638 932 684 978 in
734 931 1025 995 Epidemicis
1073 931 1261 995 legitur,
1323 930 1468 978 nimi-

169 1022 293 1063 tum,
331 1006 462 1071 quod
484 1006 567 1071 qui
594 1006 746 1053 morbi
779 1006 969 1069 paribus
994 1006 1160 1055 diebus
1187 1005 1469 1052 exacerban-

169 1092 260 1136 tur,
289 1082 477 1142 paribus
483 1079 776 1143 judicentur,
802 1096 1006 1143 quorum
1030 1093 1190 1127 autem
1214 1079 1469 1127 exacerba-

171 1153 323 1200 tiones
347 1153 393 1200 in
435 1154 681 1216 imparibus
715 1154 852 1210 fiunt,
900 1169 1065 1200 eorum
1094 1151 1277 1217 judicia
1299 1151 1472 1216 pariter

174 1226 220 1273 in
244 1228 488 1289 imparibus
526 1227 798 1283 obveniant,
841 1227 1001 1274 addita
1035 1227 1141 1290 post
1182 1226 1400 1283 clausula,
1440 1226 1472 1272 fi

174 1301 307 1347 aliter
357 1300 594 1364 judicatio
635 1301 837 1355 eveniat,
897 1300 1210 1363 perniciosum
1269 1299 1316 1346 id
1365 1299 1471 1350 effe,

174 1390 452 1440 metumque
493 1375 715 1422 recidivae
736 1376 1030 1439 portendere.
1100 1375 1260 1422 Fallor
1294 1389 1352 1421 an
1379 1391 1474 1421 non

176 1446 360 1494 summo
402 1445 602 1494 Medico
652 1446 689 1492 is
736 1446 883 1509 digna
929 1448 1115 1495 locutus
1162 1446 1256 1494 est:
1305 1463 1474 1510 nempe

175 1521 304 1583 quod
342 1520 454 1567 alibi
478 1520 812 1567 defleclentem
836 1534 966 1567 extra
992 1518 1201 1585 proprias
1231 1522 1476 1569 consuetus

176 1596 297 1644 dinis
319 1596 553 1659 periodos,
581 1597 836 1654 Naturam,
864 1609 910 1643 et
936 1597 1107 1660 absque
1133 1595 1340 1644 evidenti
1365 1597 1476 1643 rati—

178 1687 284 1728 one,
309 1670 650 1719 reformidaret.
705 1672 823 1718 Non
851 1671 995 1735 igitur
1017 1671 1244 1718 recidivas
1277 1669 1477 1733 exjudi-

179 1746 443 1794 cationibus
480 1747 663 1809 parium
687 1746 872 1793 dierum
896 1747 1155 1802 metuebat,
1187 1745 1264 1792 sed
1287 1744 1478 1809 judica-

182 1819 332 1866 tiones
356 1819 523 1867 diebus
543 1837 637 1866 non
664 1820 769 1877 suis,
796 1833 841 1867 et
860 1833 989 1867 extra
1024 1820 1214 1868 usitatos
1239 1819 1478 1882 graffantis

182 1893 340 1941 morbi
377 1892 614 1949 circuitus,
663 1893 872 1941 infideies
915 1892 1268 1939 existimaverat.
1304 1893 1481 1954 Neque

183 1967 311 2015 dicas
350 1967 660 2030 Aphorismos
702 1968 749 2014 in
797 1968 978 2014 summo
1000 1965 1310 2030 Hippocratis
1357 1965 1480 2012 senio

186 2039 445 2097 confectOS,
482 2041 707 2104 novisque
755 2042 814 2088 ad
854 2058 957 2087 eam
997 2042 1141 2104 usque
1180 2053 1369 2087 aetatem
1392 2041 1481 2086 ob-

188 2111 524 2159 servationibus
570 2114 804 2170 conditos,
862 2113 958 2161 fere
990 2113 1199 2177 suprema
1242 2116 1306 2161 D.
1348 2114 1482 2161 Senis

189 2186 381 2234 oracula
421 2185 600 2242 efferre,
661 2187 741 2233 sub
788 2201 1047 2251 eorumque
1083 2187 1268 2252 judicio
1316 2201 1484 2234 caetera

192 2275 393 2324 quaeque
427 2259 528 2306 aliis
575 2260 621 2306 in
660 2260 793 2308 libris
834 2275 1017 2308 exarata
1045 2262 1239 2308 cadere:
1284 2277 1378 2308 non
1420 2261 1484 2308 est

194 2336 339 2390 enim,
378 2350 460 2381 cur
483 2350 594 2380 vero
628 2335 862 2399 propiora,
904 2335 934 2381 si
960 2336 1150 2399 quando
1171 2334 1281 2381 alibi
1319 2347 1485 2382 occur-

197 2423 315 2466 rant,
342 2408 432 2455 illis
457 2423 589 2455 coeca
615 2410 707 2456 fide
750 2410 1006 2466 submittas,
1043 2427 1148 2474 quae
1184 2410 1338 2458 minus
1376 2424 1487 2458 vere

198 2485 324 2531 dieta
361 2483 405 2528 in
449 2484 739 2545 Aphorismis
788 2485 1007 2547 evulgata
1047 2485 1164 2542 sunt,
1209 2486 1327 2532 inter
1365 2502 1485 2549 quos

202 2554 378 2617 spurios
398 2556 553 2619 plures
579 2571 623 2603 et
653 2560 708 2604 ab
736 2558 1046 2621 Hippocratis
1089 2557 1307 2621 sapientia
1332 2575 1486 2605 remo-

202 2623 394 2670 t'iffimos
417 2622 635 2685 irrepsisse
655 2624 734 2670 vix
754 2624 932 2675 dubito.

1158 2706 1234 2739 10.
1266 2690 1491 2738 Similiter
