1932 3319
412 259 784 309 AEGROT.
839 256 957 305 ET
1015 258 1214 306 SAN.
1357 272 1446 324 ¹55

162 409 353 444 auarum
376 407 422 441 et
448 395 804 456 Qartanarum
844 389 1036 446 reditus,
1083 389 1333 453 postquam
1367 406 1455 438 no·

162 486 250 517 vus
290 472 501 523 morbu3‚
562 467 641 530 qui
677 469 736 513 ab
780 481 940 512 earum
986 463 1144 511 indole
1192 463 1366 510 alienus
1403 464 1457 512 iis

162 540 251 589 sese
275 539 609 596 immiscuerat,
649 538 832 586 sanatus
858 538 938 586 est.

238 706 316 738 21.
351 691 432 738 Est
463 702 510 736 et
534 689 808 753 quotidiana
840 687 983 735 febris
1007 684 1307 750 primitivum
1340 700 1463 748 quo-

166 764 274 812 dam
313 763 470 810 morbi
495 781 658 826 genus,
708 764 945 826 habetque
991 761 1243 808 universim
1284 759 1467 821 singula

165 837 531 901 paroxismorum
551 852 763 901 tempora
786 836 1108 901 protractiora,
1135 848 1182 882 et
1207 834 1469 882 insultuurn

166 912 412 976 principia,
452 912 581 975 quod
621 911 846 970 diximus,
899 911 992 957 fere
1033 926 1176 972 quam
1209 909 1468 966 Tertianae,

168 1000 250 1030 aut
275 986 530 1047 Qartanae
549 982 745 1029 leviora.
804 983 859 1029 In
886 982 980 1045 ipsa.
1005 980 1327 1028 verosimiliter
1361 979 1471 1027 fun-

126 1077 131 1083 ⁴
171 1056 310 1102 datur
337 1056 384 1102 id
411 1055 565 1102 morbi
590 1073 734 1118 genus
774 1056 903 1119 quod
928 1056 1192 1114 czcmasticum
1218 1054 1293 1100 seu
1319 1064 1473 1102 omota-

170 1146 267 1176 num
297 1130 480 1177 Medici
506 1129 880 1192 appellaverunt,
925 1129 970 1174 in
1011 1145 1106 1191 quo
1142 1128 1318 1192 semper
1343 1129 1473 1177 idem

172 1204 232 1249 ad
258 1204 401 1268 usque
426 1204 579 1251 morbi
602 1199 879 1250 solutionem
907 1203 1047 1249 febris
1073 1203 1210 1266 vigor
1228 1204 1376 1250 adeffe
1398 1204 1475 1251 di-

180 1277 318 1323 citur.
391 1276 636 1339 Ejusmodi
664 1278 849 1324 Ardent
878 1277 937 1323 fic
954 1276 1079 1322 dicta
1103 1275 1244 1323 febris
1269 1278 1357 1323 effe
1379 1293 1479 1323 cre-

174 1349 320 1405 ditur,
340 1366 488 1412 quam
505 1365 751 1413 propterea
765 1349 1108 1397 Continentem
1124 1362 1317 1405 vocant,
1343 1349 1478 1412 quod

175 1423 316 1469 unica
335 1422 534 1485 prorsus,
562 1423 770 1483 plurium
793 1424 903 1468 licet
935 1422 1116 1467 dierum
1147 1422 1342 1484 periodo
1368 1439 1480 1470 con-

181 1497 381 1545 tineatur
404 1511 415 1540 :
461 1496 574 1545 intem
601 1507 648 1542 et
669 1495 810 1541 Lenta
828 1496 983 1541 Febris
1020 1495 1142 1542 Celfi
1160 1504 1201 1554 4,
1249 1513 1358 1560 quae
1389 1497 1483 1543 fine

179 1571 277 1617 ulla
327 1568 590 1616 remiffione
634 1585 804 1632 corpus
851 1581 994 1626 tenet,
1062 1587 1113 1617 ac
1159 1587 1313 1632 neque
1355 1571 1482 1631 cib0‚

181 1658 334 1706 neque
356 1641 441 1688 ulli
469 1641 676 1688 remedio
702 1643 862 1688 locum
881 1641 976 1687 dat.
1046 1643 1192 1705 Ergo,
1230 1644 1277 1688 in
1302 1643 1390 1689 hac
1415 1643 1482 1690 fe-

183 1716 281 1772 bre,
319 1732 373 1762 ea
399 1715 650 1778 aliquando
675 1714 830 1761 morbi
855 1714 926 1759 vis
951 1716 1142 1776 premit,
1179 1727 1231 1761 ut
1254 1717 1484 1763 remiffio-

185 1804 301 1839 num
328 1789 576 1835 intervalla
603 1789 864 1835 breviffima
892 1788 994 1847 fint,
1033 1790 1223 1854 ipsaque
1248 1790 1391 1837 etiam
1412 1809 1486 1838 re-

186 1864 336 1910 miffio
361 1863 620 1909 admodum
645 1864 832 1926 exigua,
883 1864 1008 1908 unde
1048 1865 1138 1909 fine
1174 1865 1270 1910 ulla
1294 1866 1487 1913 remiffi-

186 1953 275 1983 one
300 1949 519 1999 putatur:
569 1953 721 2000 neque
762 1936 903 1992 enim,
950 1937 1081 1999 quod
1127 1954 1294 1983 verum
1327 1937 1489 1997 fatear,

188 2006 412 2057 morbum
453 2011 604 2057 adhuc
648 2011 801 2057 ullum
827 2010 981 2056 inveni
1019 2011 1065 2057 in
1098 2027 1195 2075 quo
1231 2011 1492 2075 vespertina

191 2083 503 2138 exacerbatio,
547 2096 593 2128 et
639 2084 871 2128 matutina
912 2082 1128 2138 remissio,
1187 2084 1263 2128 vel
1311 2098 1489 2147 contra,

195 2172 273 2203 aut
299 2158 527 2214 meridiei,
570 2158 644 2202 vel
673 2156 842 2204 mediae
867 2157 1015 2203 noetis
1046 2171 1261 2219 tempora
1278 2157 1493 2207 distincto

196 2230 336 2278 febris
363 2232 507 2294 gradu
543 2230 864 2277 interlabentia
885 2248 976 2277 non
1002 2231 1299 2278 obtinerent:
1339 2248 1493 2296 neque

200 2304 316 2351 inter
331 2305 612 2368 nuperiores,
655 2304 807 2368 quide
832 2304 1041 2351 febribus
1068 2317 1280 2351 accurate
1304 2304 1495 2368 scripse-2

199 2394 321 2438 runt,
347 2397 420 2427 eas
438 2380 833 2427 exercitatissimus
853 2380 899 2426 in
916 2380 1055 2426 Praxi
1075 2379 1333 2435 Cullenius,
1378 2377 1495 2443 ejus-

204 2453 470 2501 modiffvidit
488 2469 734 2517 umquam,
749 2469 951 2517 quarum
968 2452 1189 2500 continua
1206 2452 1307 2499 haec
1323 2452 1498 2516 vigoris

539 2661 553 2675 ¹*
583 2657 636 2694 .οι
659 2656 756 2695 Med.
790 2655 874 2697 ],”’.Ῑ’,
895 2655 963 2697 ΠΙ.
992 2665 1066 2708 sap.
1085 2653 1139 2699 iX.

1259 2718 1500 2774 omotoniat
