1932 3319
433 327 808 379 AEGROT.
867 326 984 375 ET
1050 326 1250 375 SAN.
1422 343 1487 392 43

189 461 427 516 puerunt:
465 449 524 497 ad
551 448 703 499 femur
724 449 944 497 dextrum
964 463 1021 495 ex
1040 459 1171 512 parte
1186 446 1365 494 interna
1389 447 1492 493 col-

186 524 330 573 lefflo
352 524 489 573 velut
513 540 571 572 ex
596 525 704 588 igne
730 522 898 587 agresti
916 524 970 569 ¹⁷.

266 674 342 706 10.
382 658 630 706 Chartadis
678 656 822 704 febris
871 656 1053 714 ardens,
1099 655 1350 719 postquam
1391 654 1496 701 san-

189 733 347 798 guinis
366 733 562 781 recentis
582 733 829 797 plusquam
855 733 1016 796 congii
1043 731 1310 779 mensuram
1332 732 1496 778 alvum

192 811 492 860 exonerando
535 811 571 857 is
596 810 828 867 emififfet,
867 809 943 856 die
968 808 1126 865 terti0,
1153 809 1318 856 eadem
1345 808 1498 864 nodie,

193 898 428 948 quantum
444 901 502 931 ex
522 884 722 932 historiae
743 898 968 932 contextu
990 898 1202 950 apparet,
1226 881 1500 946 eumjugu-

193 957 378 1007 lavit¹⁸.

271 1115 290 1146 1
309 1116 351 1146 1.
393 1100 695 1147 Polemarchi
721 1101 788 1148 fil.
817 1100 953 1148 tertia
973 1117 997 1146 a
1023 1099 1232 1148 recidiva
1263 1101 1341 1148 die
1373 1117 1501 1149 mor-

199 1185 307 1220 tuus
333 1174 396 1220 &st
413 1178 465 1222 ¹⁹.
673 1186 676 1189 '

273 1335 347 1367 12.
388 1323 617 1368 Stheneus
656 1323 700 1368 in
726 1321 932 1368 Abderis
959 1320 1174 1367 Palestrae
1214 1323 1365 1371 custos
1403 1325 1504 1388 post

200 1391 511 1456 frigiditatem
536 1408 853 1442 extremarum
871 1396 1077 1459 partium
1096 1397 1411 1446 excalefa&us
1428 1400 1504 1447 su·

204 1466 353 1525 davit,
404 1482 450 1516 et
476 1481 690 1516 mortuus
710 1469 774 1517 est
793 1471 846 1517 ²⁰.

539 1653 585 1699 D
659 1651 684 1700 Ι
753 1652 795 1699 E
865 1653 914 1698 S.
1078 1653 1168 1700 IV.

273 1787 338 1832 A.
378 1788 588 1850 Qartus
615 1786 1015 1852 septennariorum
1034 1786 1174 1833 index
1199 1787 1263 1835 est
1282 1807 1293 1835 ε
1313 1790 1508 1838 οξὶεῑνυε

210 1861 398 1907 alterius
424 1861 698 1924 septimanae
722 1863 1010 1927 principium
1030 1881 1040 1909 ε
1090 1865 1344 1912 undecima
1368 1867 1512 1915 etiam

209 1933 459 1997 specstanda
485 1936 601 1993 dies,
624 1937 856 2002 fiquidem
880 1937 1067 1984 alterius
1084 1938 1354 2002 septimanae
1373 1958 1513 2004 quar-

211 2024 259 2057 ta
284 2011 346 2058 est
367 2032 378 2059 z
417 2013 571 2060 rursus
596 2031 789 2079 quoque
810 2013 1058 2077 spe&anda
1077 2016 1177 2062 dies
1201 2016 1389 2064 decima
1412 2018 1514 2082 sep-

213 2085 330 2131 tima
352 2102 362 2130 ;
399 2102 452 2131 ea
474 2086 707 2150 siquidem
734 2105 759 2135 a
776 2089 960 2136 decima
978 2104 1142 2153 quarta
1166 2104 1330 2155 quarta
1353 2092 1434 2150 est,
1472 2109 1518 2143 et

222 2159 283 2206 ab
307 2159 578 2218 undecima,
605 2162 802 2226 septima
823 2166 854 2210 ¹.

281 2311 337 2356 Β.
374 2309 678 2358 Circuituum
702 2326 877 2369 autem,
930 2314 1011 2377 qui
1036 2314 1203 2362 diebus
1227 2318 1515 2384 paribusju—

216 2384 391 2440 dicant,
430 2385 611 2447 primus
646 2387 709 2433 est
756 2387 1043 2438 decretorius
1080 2404 1291 2455 quartUS,
1347 2395 1516 2455 sextus,

269 2574 302 2596 1⁷
333 2571 448 2621 Epfd.
469 2571 566 2609 VH.
582 2575 674 2623 sca.
696 2573 721 2611 i.

270 2629 302 2651 1³
333 2631 447 2681 Epfd.
471 2631 545 2668 VI.

270 2691 304 2713 1⁹
333 2690 447 2740 Epffl.
469 2690 568 2728 vn.
581 2694 671 2741 μή
690 2693 745 2731 11.

271 2749 308 2769 ²0
337 2750 452 2800 Epm.
470 2749 545 2787 VI.
563 2753 653 2801 seez.
676 2752 757 2791 viii.

273 2811 286 2831 1
319 2808 417 2862 Aph.
439 2810 595 2850 XXIV.
610 2815 701 2863 stez.
722 2813 762 2854 ii.

1313 2884 1529 2952 οᾶεινυε,
