1932 3319
425 229 795 287 AEGROT.
855 226 971 281 ET
1032 227 1231 285 ΒΑΝ.
1408 242 1466 306 93·

169 369 335 403 eorum
373 352 627 401 subducere
669 353 906 418 periodos,
961 352 1127 401 harum
1175 371 1366 420 propter
1403 358 1471 407 in-

169 428 497 486 constantiam,
542 429 826 493 impossibile
850 427 948 476 est:
985 444 1064 476 eos
1100 443 1243 488 certe,
1290 433 1371 496 qui
1409 434 1475 482 ita

158 501 392 567 judicant,
429 502 745 566 Hippocratis
764 501 995 565 exemplis
1019 518 1292 567 oppugnare
1338 505 1474 553 facile

168 575 430 640 possumus,
489 576 661 640 eosque
708 576 767 623 ad
806 574 1133 639 quotidianam
1174 574 1478 623 Clinicorum

165 648 356 712 praxim
396 665 671 713 provocare.
744 647 1094 695 Chronicorum
1125 647 1320 712 quidem
1344 663 1476 696 mor-

167 724 337 772 borum
401 738 620 789 tempora
670 740 766 772 non
825 724 990 771 eadem
1043 738 1186 788 atque
1228 737 1478 772 acutorum

166 797 301 854 sunt3
339 797 444 845 sunt
468 814 660 862 quoque
680 811 727 845 et
743 798 889 862 paulo
909 797 1191 855 obscuriora,
1218 798 1282 845 ita
1300 810 1475 857 tamen,

168 884 223 919 ut
245 872 405 936 potius
429 889 578 936 quam
605 873 651 919 in
677 872 935 919 aberrantis
978 873 1178 920 Naturae
1216 872 1478 921 immetho·

167 947 301 996 dicos
344 963 559 1005 conatus,
607 947 819 995 maxima
845 961 1007 995 contra
1031 947 1287 995 inscientiae
1310 949 1480 1000 nostrae

168 1040 275 1088 pars
314 1024 363 1072 in
403 1025 556 1072 minus
591 1037 860 1072 accuratam
897 1041 1064 1072 eorum
1110 1025 1480 1088 contemplatio-

169 1112 281 1144 nem
308 1098 465 1144 cadat.
508 1099 820 1160 Qiamquam
858 1095 1104 1143 fatendum
1138 1096 1202 1143 est
1233 1096 1479 1145 diuturnos

167 1171 363 1219 affectus
400 1173 579 1219 incerta
619 1173 901 1236 plerumque
926 1172 1015 1218 effe
1034 1171 1233 1235 origine,
1288 1189 1480 1220 eorum-

169 1265 264 1314 que
291 1249 432 1313 plane
457 1249 688 1312 plurimos
722 1249 823 1296 sero
862 1249 1064 1295 nimium
1102 1249 1149 1294 in
1187 1249 1481 1298 medicorum

167 1339 338 1371 manus
363 1323 523 1370 venire
545 1339 556 1368 :
586 1323 787 1386 insuper,
815 1322 945 1385 quod
972 1334 1017 1368 et
1044 1321 1286 1384 saepissime
1306 1339 1333 1370 a
1356 1336 1482 1370 tem-

169 1409 465 1462 peramento,
510 1408 556 1441 et
580 1395 814 1441 invalente
840 1395 1005 1442 habitu
1046 1393 1302 1453 nascantur,
1341 1397 1484 1445 valde

169 1471 417 1536 operosam
433 1467 736 1531 periodorum
752 1466 1110 1514 subductionem
1132 1467 1325 1515 habent.
1374 1470 1484 1517 Cri-

170 1544 281 1591 ticae
302 1541 608 1590 nihilominus
635 1541 887 1598 motioneS‚
922 1557 1006 1604 per
1031 1540 1144 1587 stata
1169 1558 1333 1589 eorum
1359 1556 1482 1589 tem-

168 1635 286 1684 pora
310 1617 404 1665 fere
429 1633 486 1664 ex
520 1617 720 1680 abrupto
753 1617 1001 1680 prodeunt,
1037 1632 1190 1680 neque
1233 1615 1374 1663 fracta
1409 1620 1483 1665 in-

161 1691 442 1740 valetudine
468 1692 672 1747 Natura,
713 1707 807 1737 non
849 1703 1081 1754 perpetuo
1106 1690 1292 1737 fibimet
1334 1691 1380 1737 in
1413 1692 1483 1739 his

175 1766 371 1822 constat,
414 1765 586 1829 pariter
626 1778 765 1828 atque
808 1764 854 1811 in
888 1764 1052 1817 acutis.
1098 1764 1216 1810 Sunt
1251 1764 1394 1811 etiam
1437 1779 1484 1812 et

175 1840 301 1888 aenti
327 1856 524 1887 numero
542 1839 762 1904 majores,
788 1855 932 1904 quam
949 1838 1177 1895 chronici,
1195 1852 1247 1885 ut
1273 1840 1483 1887 maxima

172 1916 458 1964 morborum
483 1931 608 1978 pars,
635 1928 869 1978 quantum
891 1930 947 1959 ex
985 1914 1290 1962 Nosocomiis
1332 1912 1486 1976 conj-i-

174 2007 278 2039 cere
306 1990 436 2047 licet,
462 1991 542 2037 vix
588 1990 797 2037 mensem
822 1990 1063 2053 perduret.
1138 1990 1321 2036 Verum
1347 2002 1400 2034 ut
1426 1989 1485 2036 ad

173 2064 490 2127 Sexagefimae
523 2062 707 2125 judicia
748 2063 1014 2118 redeamus,
1080 2061 1200 2108 hanc
1250 2077 1395 2125 quam
1439 2062 1485 2107 in

173 2136 455 2200 Nietalopia
491 2136 834 2183 observabilem
873 2136 1123 2200 periodum
1161 2137 1486 2200 Hippocrates

176 2212 498 2268 nunciaverat,
542 2211 675 2275 quod
715 2211 832 2274 saepe
874 2226 1153 2274 aegrotantes
1195 2210 1275 2257 sub
1316 2227 1367 2257 ea
1411 2211 1486 2257 die

178 2285 453 2333 nocturnam
474 2285 697 2333 visionem
719 2299 1010 2348 recuperent,
1040 2302 1188 2350 nuper
1204 2286 1485 2332 etiam.con-=

177 2361 401 2418 firmavit,
424 2374 469 2408 et
489 2361 705 2423 exempla
723 2360 965 2406 nobiscum
985 2361 1189 2408 contulit
1211 2360 1284 2408 ΙΙΙ.
1305 2361 1486 2408 Cham-

178 2439 277 2488 serii
319 2437 365 2484 in
391 2436 665 2499 Ni&alopia
701 2435 985 2498 Epidemica
1027 2436 1143 2500 Pagi
1175 2438 1222 2483 S.
1261 2428 1508 2483 Martinis

179 2515 457 2563 Contumax
485 2509 563 2555 ille
589 2509 904 2556 Gonorrhoeae
933 2509 1102 2566 fluxus,
1129 2526 1273 2573 quem
1293 2509 1486 2573 proprio

180 2587 373 2639 nomine
400 2583 523 2633 Gleet
548 2583 699 2647 Angli
726 2583 991 2643 nominant,
1031 2585 1167 2648 saepe,
1217 2586 1344 2648 quod
1368 2584 1487 2639 vidi,

1405 2659 1486 2702 iul)
