1932 3319
435 323 504 374 30
670 312 786 360 DJE
844 306 1474 359 VIT.PER10D.

439 430 736 480 infructuosae
769 431 870 491 diu,
910 444 957 478 et
992 429 1118 494 quasi
1157 429 1237 476 vix
1268 441 1496 490 umquam
1525 424 1732 489 quaefitae

440 522 528 565 res,
589 508 843 555 diutiffime
883 506 986 570 post
1023 506 1068 553 in
1119 502 1392 552 abscondito
1439 500 1536 548 fere
1582 500 1732 547 latue-
1769 561 1773 567 ἱ

437 583 545 640 rint,
582 599 657 629 eas
676 595 924 647 propterea
955 579 1261 645 Hippocrati,
1312 591 1360 624 et
1393 574 1735 638 antiquioribus

442 670 551 704 ante
576 658 815 704 Galenum
846 655 1057 704 Medicis
1084 655 1401 717 incompertas
1424 652 1579 699 dicere
1612 663 1736 714 prae-

442 730 545 779 stat.
615 734 685 779 At
708 733 851 788 enim,
887 747 994 795 quae
1020 729 1316 777 nobiliffimae
1341 728 1387 774 in
1411 741 1566 774 rerum
1598 735 1743 771 natu-¹

445 821 497 852 ra
514 806 746 854 Veritates
769 806 983 863 existunt,
1009 821 1206 870 quaeque
1228 816 1501 851 caeterarum
1521 800 1749 849 omnium.

445 881 704 944 primordia
735 895 781 928 et
813 881 962 928 veluti
996 881 1228 928 elementa
1251 879 1368 936 sunt,
1412 895 1488 925 eas
1531 875 1742 940 nuspiam

447 954 537 1002 rite
571 954 1003 1019 philosophantium
1039 953 1199 1000 oculos
1231 953 1441 1018 effugisse
1478 949 1746 998 verofimile

444 1027 546 1082 est3
590 1027 763 1091 partim
795 1029 989 1091 quidem
1033 1027 1164 1092 quod
1206 1044 1279 1075 eas
1318 1026 1585 1090 conspicuas
1622 1021 1745 1085 satis,

448 1117 773 1165 magnumque
799 1103 858 1147 de
894 1102 937 1148 se
969 1102 1335 1164 omnitempore
1359 1102 1525 1147 lumen
1553 1097 1746 1145 emmit-

452 1189 600 1224 tentes
627 1175 658 1221 ii
692 1175 931 1230 viderint;
979 1175 1150 1240 partim
1177 1176 1339 1232 etiam,
1387 1174 1518 1239 quod
1554 1189 1630 1221 eas
1654 1188 1750 1221 cae-
1785 1205 1792 1207 λ

450 1264 674 1306 terarum,
716 1267 830 1314 quas
852 1264 1092 1309 noverant,
1134 1267 1254 1297 nexu
1280 1263 1326 1296 et
1366 1249 1603 1297 vicinitate
1621 1248 1751 1296 ducti

450 1325 546 1373 fere
569 1325 904 1371 divinaverint:
936 1323 1194 1388 cujusmodi
1216 1325 1425 1373 sublimis
1452 1325 1498 1372 in
1519 1323 1753 1372 cernendo

456 1416 600 1464 quam
626 1399 908 1461 longissime,
937 1411 984 1445 et
1010 1399 1166 1446 divina
1201 1400 1327 1463 quasi
1348 1399 1565 1446 humanae
1584 1397 1753 1445 mentis

456 1474 576 1521 acies
607 1473 664 1521 ad
690 1473 914 1536 sapientes
940 1472 1059 1520 solos
1095 1473 1313 1536 pertinet,
1355 1473 1556 1536 pertinet
1597 1485 1755 1520 autem

456 1541 515 1587 ad
546 1557 728 1596 omneS,
780 1540 1155 1604 cunctarumque
1193 1541 1410 1603 gentium
1451 1554 1497 1588 et
1530 1554 1753 1588 aetatum:

459 1614 536 1661 sed
563 1616 689 1679 quod
724 1631 799 1661 eas
833 1615 1077 1678 perpaucis
1113 1615 1271 1662 videre
1296 1616 1458 1663 datu-m
1488 1615 1647 1672 fuerit,
1682 1630 1757 1663 eas

460 1703 735 1736 caeterorum
755 1689 1001 1737 hominum
1022 1690 1159 1736 turba
1176 1692 1312 1738 nocte
1331 1691 1498 1738 iterum
1515 1691 1689 1748 mersit,
1706 1703 1758 1738 ut

461 1764 636 1827 pluries
670 1776 716 1811 et
751 1781 912 1811 earum
945 1781 1101 1812 rerum
1125 1766 1355 1814 memoria
1380 1766 1682 1822 interciderit,
1715 1778 1763 1814 et

463 1853 686 1886 renovata
711 1838 780 1894 fit,
802 1852 992 1893 ¹mutato
1014 1854 1175 1887 tamen
1212 1840 1452 1903 saepiflime
1491 1858 1590 1905 quo
1625 1842 1762 1889 evul-

463 1925 670 1973 garetur,
690 1912 944 1959 vocabulo.
1014 1913 1196 1961 Verum
1221 1916 1347 1962 enim
1364 1915 1580 1978 experiri,
1601 1928 1648 1962 et
1673 1930 1767 1961 una

464 1985 780 2050 philosophari
802 1986 955 2044 simul,
976 1986 1139 2034 durius
1159 2002 1384 2051 perpetuo
1403 1988 1509 2047 fuit,
1531 2003 1675 2055 quam
1690 1989 1765 2035 in-

470 2060 633 2108 solenti
671 2077 828 2108 rerum
871 2062 1089 2109 omnium
1126 2062 1427 2112 dubitatione
1478 2063 1697 2128 injufl‘am
1731 2076 1761 2109 a

465 2247 515 2285 ob
547 2248 710 2285 caussam
748 2248 773 2286 fi
801 2248 1299 2299 pulsuumobservationes
1331 2249 1372 2286 in
1410 2250 1545 2288 Artem
1577 2249 1778 2301 haudqua-

466 2321 582 2358 quam
613 2307 772 2358 redegit,
808 2308 874 2346 vix
909 2308 1139 2347 credendum
1173 2310 1329 2348 Galeno
1352 2308 1404 2347 est
1432 2309 1486 2348 rei
1521 2310 1779 2361 ignorantiam

468 2365 617 2404 silentio
652 2369 815 2405 cauffam
851 2368 1000 2417 dediffe,
1049 2383 1182 2408 verum
1210 2369 1336 2420 potius
1381 2370 1428 2408 ab
1459 2383 1592 2408 eorum
1628 2370 1782 2413 fallacia

468 2426 728 2478 perterritum,
752 2428 854 2464 haud
877 2429 1081 2478 plurimam
1099 2428 1157 2467 his
1187 2429 1271 2467 solis
1296 2428 1336 2466 in
1361 2429 1395 2467 se
1427 2430 1597 2480 spectatis
1619 2430 1783 2470 auctoris

470 2496 586 2524 tatem
617 2485 764 2534 dedifie,
800 2499 843 2524 ut
877 2487 1006 2528 stabile
1031 2489 1165 2536 morbi,
1196 2500 1234 2528 et
1271 2490 1448 2530 eventui-i
1470 2490 1605 2542 judicii
1632 2491 1782 2542 fignum

471 2547 518 2583 ab
537 2544 611 2581 illis
627 2556 817 2596 argueret.
876 2547 968 2585 Non
996 2549 1065 2587 ille
1095 2560 1195 2588 certe
1214 2553 1373 2588 tremulos
1398 2551 1544 2601 pulsus,
1571 2553 1704 2601 tardor,
1733 2565 1784 2588 ce-

469 2606 636 2651 lerrimos,
668 2610 838 2643 maximos
856 2607 1016 2656 dixiffet,
1051 2620 1089 2647 et
1112 2610 1235 2648 veluti
1253 2611 1410 2663 dignam
1425 2611 1684 2649 observatione
1706 2624 1782 2650 rom

472 2663 731 2712 adnotaviffet,
762 2665 788 2703 fi
817 2667 879 2704 vel
895 2681 1123 2722 numquam,
1156 2670 1219 2707 vel
1250 2671 1428 2713 rariffimo
1458 2672 1637 2723 exemplo
1665 2684 1784 2723 aegro-

476 2725 637 2766 nantium
654 2726 826 2776 pulsibus
847 2742 1003 2769 manum
1023 2730 1260 2772 admovisset.

656 2795 672 2825 1
1597 2786 1781 2833 Natura
