1932 3319
510 275 884 326 AEGROT.
940 271 1056 327 ET
1116 273 1311 321 SAN.
1453 287 1540 336 117

257 421 432 468 verant,
446 409 721 472 colligarent
739 409 857 456 inter
881 408 940 464 se,
962 422 1168 469 cumque
1184 423 1208 452 a
1226 405 1466 452 notissimis
1488 405 1546 453 ad

254 483 437 546 ignotas
461 497 709 549 pergerent
734 500 819 540 res,
863 484 942 530 has
968 482 1154 528 illarum
1180 480 1400 542 exemplo
1422 497 1543 542 prae-

254 558 378 606 clare
421 560 716 607 illustrarent.
788 561 901 623 Qo
929 557 1054 604 circa
1078 573 1157 603 eos
1190 555 1387 602 minime
1423 572 1544 601 erra-

252 631 581 696 viffejudico:
632 645 861 697 quantum
887 631 1013 679 enim
1039 647 1200 677 eorum
1232 628 1454 675 formulas
1497 630 1542 676 in

251 706 420 753 melius
443 707 572 754 refici
598 706 808 769 poffibile
834 706 902 761 sit,
930 721 1004 752 eas
1043 705 1346 751 nihilominus
1373 704 1434 750 ita
1464 722 1543 751 ac-

250 775 406 838 cipere
430 791 634 841 oportet,
675 792 728 825 ut
755 779 839 824 fint
882 777 1010 841 quasi
1046 778 1244 824 totidem
1269 779 1429 840 suapte
1460 795 1541 824 na-

249 861 354 896 tura
378 850 633 916 incognitae
658 852 960 916 quantitates,
987 867 1102 915 quas
1126 852 1323 915 quidem
1349 869 1541 915 permu-

248 936 347 971 tare
370 927 626 991 possumus‚
666 928 730 974 ita
756 940 914 973 tamen
948 940 1001 972 ut
1020 943 1179 973 earum
1201 928 1397 984 valores,
1427 945 1540 974 con-

246 997 398 1046 sensus
422 1001 598 1057 mutui,
640 1013 685 1047 et
713 1000 1038 1064 proportiones
1064 999 1282 1047 maneant
1313 1016 1539 1063 perpetuo

247 1070 582 1121 immutabiles.
611 1077 785 1138 Qare,
805 1087 1040 1137 quotquot
1056 1075 1098 1120 se
1117 1076 1337 1137 prseclare
1358 1075 1402 1121 in
1422 1078 1539 1122 Arte

247 1145 500 1206 gesserunt,
527 1163 858 1194 unam-omnes
877 1146 1164 1202 sententiam,
1203 1160 1248 1193 et
1265 1164 1361 1194 rem
1383 1149 1537 1196 dicere

244 1219 361 1265 mihi
381 1220 614 1277 videntur,
640 1221 944 1277 diversissimis
960 1234 1116 1267 tamen
1133 1221 1314 1278 litteris,
1335 1240 1448 1285 quas
1464 1224 1535 1271 in-

244 1294 459 1356 cognitas
484 1299 765 1358 quantitates
787 1295 874 1341 effe
897 1311 1043 1357 pon0,
1066 1296 1310 1357 expreffas,
1337 1313 1537 1359 quarum

242 1367 439 1430 quidem
463 1384 516 1414 ea
540 1368 906 1430 praestantissima
931 1366 1183 1429 judicanda
1209 1368 1287 1423 est,
1315 1385 1422 1432 quae
1443 1387 1535 1418 cae-

241 1454 446 1489 terarum
472 1441 535 1487 est
560 1441 707 1504 magis
733 1440 1021 1495 universalis,
1048 1440 1290 1504 utiturque
1329 1442 1376 1490 in
1420 1461 1534 1492 con-

240 1513 374 1563 sociis
400 1515 614 1563 formulis
651 1514 857 1560 claritate
880 1512 1070 1577 majore,
1116 1531 1368 1579 earumque
1408 1522 1534 1582 apud

240 1606 403 1638 omnes
438 1591 545 1654 pius
587 1589 729 1649 etiam
773 1586 972 1634 confeffa
1004 1588 1231 1636 veritate:
1276 1591 1533 1655 cujusmodi

238 1663 460 1722 discendi,
504 1663 712 1727 aliosque
732 1662 779 1708 in
801 1662 1101 1725 Philosophia
1143 1664 1383 1712 erudiendi
1419 1685 1530 1730 pro-

237 1739 440 1801 pofitum
466 1739 818 1801 Hippocratem
861 1750 967 1783 ante
1010 1736 1123 1784 alios
1163 1739 1352 1785 tenuiffe
1393 1758 1525 1804 puto.

237 1810 365 1858 Eum
381 1811 611 1875 liquidem
639 1809 874 1857 Heracliti
897 1810 1118 1866 instituta,
1145 1829 1251 1875 quae
1277 1815 1478 1863 multum
1503 1837 1528 1867 a

241 1885 568 1948 PythagOricis
605 1885 810 1942 aberant,
850 1896 895 1929 et
936 1884 1168 1930 medendo
1212 1886 1528 1940 &scribendo

236 1958 280 2005 se
296 1957 432 2021 juxta
455 1959 645 2022 gesfiffe,
683 1959 778 2005 veri
823 1958 886 2005 est
926 1959 1130 2005 maxime
1156 1960 1321 2017 limile,
1366 1963 1525 2026 ignem

235 2050 390 2080 rerum
415 2034 628 2080 omnium
653 2032 937 2094 principium
968 2049 1078 2079 cum
1101 2035 1347 2083 Heraclito
1371 2040 1525 2088 existi-

236 2120 464 2154 mantem.
537 2106 749 2153 Plurima
772 2105 934 2152 saltem
971 2123 1063 2153 non
1102 2109 1194 2154 sine
1236 2109 1443 2159 doetrina
1478 2130 1526 2164 et

235 2183 445 2230 veritatis
471 2181 620 2245 specie
644 2197 729 2244 pro
755 2180 915 2227 iisdem
957 2181 1002 2227 in
1039 2182 1194 2229 ‘editos
1227 2201 1252 2230 a
1297 2185 1338 2231 se
1380 2188 1524 2239 libros

234 2258 428 2313 invexit,
471 2254 731 2318 cujusmodi
759 2255 983 2301 nonnulla
1022 2255 1142 2313 sunt,
1181 2267 1288 2322 'quae
1326 2260 1370 2306 in
1395 2263 1518 2313 libro

234 2333 310 2379 De
338 2331 512 2378 Morbo
539 2331 679 2375 Sacro
704 2328 938 2391 leguntur,
971 2345 1067 2389 quo
1087 2347 1177 2378 non
1221 2336 1335 2380 alter
1363 2339 1521 2398 potior·

234 2404 594 2470 Hippocraticae
632 2402 945 2465 Philosophiae
987 2416 1032 2448 et
1073 2404 1306 2467 sapientiae
1342 2410 1518 2462 vindex

230 2475 544 2545 perlegendos
571 2474 633 2526 est
656 2478 718 2523 1⁹:
765 2476 926 2522 Hem!
954 2491 1178 2539 quantum
1201 2479 1390 2538 librum,
1432 2503 1516 2532 ve-

236 2546 240 2555 ἶ
1354 2558 1518 2621 sitatis,

273 2708 309 2752 {9
334 2707 589 2758 Nuperrimas
608 2707 652 2746 de
673 2707 785 2758 hujus
819 2708 906 2745 libri
926 2710 1147 2750 auftoritate
1163 2710 1345 2749 excitavit
1364 2725 1517 2754 contro.

893 2769 916 2823 1Ὶ
941 2783 960 2820 3
1382 2776 1519 2820 ver-Eas,
