1932 3319
403 217 775 286 AEGROT.
833 219 949 283 ET
1009 237 1205 285 SAN.
1374 251 1462 300 ¹93

171 347 300 414 Eum
338 369 667 430 praecefferant
700 367 917 432 insignes,
964 380 1011 416 et
1046 367 1210 414 subitae
1235 369 1462 415 vulcano-

169 442 277 486 'rum
311 441 600 505 explofiones
642 443 766 506 apud
793 443 955 501 Italos,-
998 440 1263 497 Chinenses,
1299 442 1460 498 Indos,

168 509 383 578 interque
407 517 720 563 Americanos
744 515 1038 580 conspicuae:
1077 514 1242 561 eadem
1278 515 1459 572 Gallos,

166 599 215 634 et
245 589 452 652 Anglos,
484 591 737 648 Peruanos,
775 602 822 637 et
861 590 1143 637 Mexicanos
1177 588 1345 634 Morbi
1386 588 1460 634 in-

165 659 314 723 fignia
359 663 621 718 vexabant;
680 679 830 727 neque
876 662 924 709 in
960 674 1088 709 tanta
1126 662 1340 708 locorum
1385 661 1459 707 di-

163 725 345 785 stantia,
392 741 439 775 et
461 730 710 792 regionum
733 729 959 777 varietate
985 728 1248 792 quidquam
1282 728 1458 774 immu-

162 802 397 848 tabantur.
467 804 549 850 Ad
586 819 692 867 quae
725 805 909 850 acceffit
944 802 1267 864 nuperrimum
1289 801 1459 848 Catara

160 873 234 920 rhi
258 877 388 923 Rusfi
413 877 703 940 exemplum,
747 893 845 939 quo
879 876 1084 923 maxima
1118 876 1322 938 Europae'
1347 891 1455 938 pars

164 948 430 996 confliftata
460 949 557 996 est:
599 947 697 1012 ejus
737 949 990 995 remiffiora
1028 947 1223 1011 quidem
1265 945 1437 994 alicubi

161 1019 482 1086 fimptomata,
536 1023 648 1070 alibi
690 1021 1101 1086 ingravescebant3
1158 1037 1324 1069 verum
1365 1039 1451 1084 ge-

162 1107 274 1141 nere
329 1096 542 1159 nuspiam
594 1096 858 1152 immutato,
906 1094 1078 1158 pariter
1133 1095 1258 1157 apud
1298 1095 1452 1141 varias

159 1181 325 1231 gentes
373 1168 595 1233 distingui
658 1182 859 1233 poterat.
936 1167 1176 1215 Ballonius
1221 1168 1364 1214 etiam
1404 1182 1452 1215 et

161 1242 509 1304 Sydhenarnius
533 1243 716 1290 easdem
758 1241 884 1306 apud
909 1241 1192 1297 Parifienses‚
1230 1256 1277 1289 et
1315 1244 1451 1290 Lon-

159 1317 390 1376 dinenses,
416 1319 588 1365 Febres
610 1317 775 1364 vidisse
799 1317 982 1364 fibimet
1003 1316 1085 1363 visi
1109 1316 1228 1372 sunt,
1262 1334 1378 1380 quas
1401 1318 1451 1364 in

159 1391 308 1439 Thasl
333 1391 679 1439 Constitutione
703 1403 775 1438 tot
800 1403 906 1437 ante
940 1389 1108 1436 saecula
1133 1389 1450 1453 Hippocrates

157 1463 488 1527 descripserat:
532 1463 813 1526 easdemque
854 1462 982 1526 apud
1020 1462 1206 1525 Anglos
1246 1463 1449 1510 Morbo-

155 1557 266 1588 rum
303 1538 655 1595 viciffitudines,
697 1554 805 1604 quae
828 1553 1056 1599 magnum
1106 1536 1224 1583 olim
1270 1537 1450 1584 Graecis

154 1607 486 1671 portenderant
502 1608 716 1666 exitium,
741 1608 954 1674 proxime
973 1607 1016 1655 se
1038 1606 1200 1654 vidisse
1213 1609 1401 1671 putavit
1411 1611 1449 1668 ’,ἶ

153 1682 294 1732 Clift.
311 1683 748 1748 Wintheringhams

226 1848 304 1882 10.
341 1836 518 1882 Annon
541 1833 685 1897 igitur
700 1833 785 1879 rite
807 1831 1017 1880 occultas
1052 1829 1100 1877 in
1123 1829 1286 1878 Terrae
1320 1829 1444 1877 finu-

158 1910 246 1956 bus
286 1908 579 1956 alterationes
621 1907 668 1954 in
700 1919 828 1953 tanta
864 1905 1153 1953 Morborum
1191 1903 1446 1951 constantia

153 1983 275 2030 olim
309 1982 563 2047 sumpserat
615 1979 992 2045 Sydhenamius?
1039 1977 1118 2025 sed
1143 1975 1344 2042 jamque
1384 1977 1443 2024 ad

153 2059 333 2125 reliqua
356 2072 623 2125 pergamus,

561 2268 599 2291 ⁸⁰
624 2263 744 2305 conf.
762 2265 894 2305 Comm.
923 2262 1045 2317 qublo

752 2655 799 2701 Ο
1249 2651 1443 2703 CAP.
