1932 3319
473 263 1019 313 AEGROT.ET
1084 268 1280 314 SAN.
1424 284 1515 332 199

197 414 310 469 4⁵9.
346 395 443 445 Vix
484 396 629 461 igitur
668 399 858 454 mirum,
911 397 942 444 fi
980 397 1219 456 confitentes
1264 415 1357 446 reos
1389 401 1517 447 Fizi-

227 486 311 517 um
335 484 382 519 et
407 472 699 529 Chiraeium,
740 488 886 535 quem
927 472 972 518 in
1017 473 1217 520 modum
1254 490 1332 520 eos
1358 476 1516 537 lepide

224 543 323 590 Th.
347 544 566 592 Bordeu⁶
592 545 868 609 perstrinxit,
895 546 941 591 in
965 543 1117 606 hujus,
1159 546 1217 592 de
1242 563 1336 609 qua
1359 548 1520 594 scribi*-

219 631 346 673 mus,
373 616 597 663 destrinae
621 615 935 663 testimonium
962 617 1157 663 fidenter
1195 618 1517 676 adhibeamus,

221 706 517 754 quamquam
543 707 634 738 non
660 690 800 737 aliam
841 691 887 736 hi
914 690 1039 737 viam
1081 691 1202 739 inter
1227 693 1516 742 medendum

222 763 485 820 tenuissent,
512 781 655 827 quam
681 777 733 811 ut
768 763 980 827 nuspiam
1021 764 1284 813 intermistis
1308 783 1516 830 purgan-

218 833 366 892 tibus,
404 849 452 884 et
470 852 605 884 venae
642 836 862 893 sectione,
906 837 1307 885 communiffimas
1326 841 1519 887 morbo-

219 923 326 957 rum
345 908 563 971 periodos
587 912 868 955 averterent.
919 910 1109 971 Purgati
1131 911 1303 957 etenim
1330 913 1519 960 alternis

219 982 383 1030 saltem
404 982 572 1029 diebus
596 995 893 1045 aegrotantes,
913 982 1154 1046 effuibque
1171 983 1393 1046 sanguine
1412 1003 1520 1050 per-

221 1056 388 1121 petim,
421 1058 664 1121 quousque
707 1057 897 1104 morbus
937 1057 1132 1120 vigeret,
1177 1059 1406 1107 sudabant
1448 1063 1519 1109 ni-

219 1131 479 1179 hilominus
506 1131 668 1179 critice
687 1131 888 1194 ,septima
913 1130 1006 1186 die,
1048 1145 1093 1178 et
1118 1133 1309 1179 decima
1335 1150 1517 1197 quarta,

219 1222 301 1264 aut
323 1207 548 1271 vigesima
584 1207 631 1255 in
658 1206 894 1269 integrum
931 1206 1220 1263 sanabantur,
1261 1225 1410 1272 neque
1436 1227 1517 1256 ana

190 1282 194 1285 ’
218 1277 552 1343 to'septimam,
579 1279 817 1325 decimam
844 1291 1082 1343 quartam,
1122 1294 1201 1326 aut
1224 1281 1518 1344 vigefimam,

220 1366 301 1400 aut
325 1355 538 1417 proprias
576 1354 688 1401 alias
729 1369 833 1402 tum
870 1354 1073 1416 vigentis
1100 1355 1253 1401 morbi
1279 1356 1516 1417 periodos,

214 1426 267 1473 vin
313 1427 511 1486 summa,
558 1443 704 1490 quam
749 1427 996 1491 putabant,
1050 1444 1213 1480 eorum
1265 1430 1516 1478 medicinae

220 1500 472 1558 activitate,
527 1500 658 1564 pravi
706 1502 927 1549 humores
977 1501 1074 1563 apti
1122 1502 1369 1549 vacuando
1431 1506 1515 1552 fie-

220 1573 351 1622 bant.

183 1766 186 1768 v
289 1730 365 1762 ιο.
402 1715 485 1762 Est
518 1714 693 1762 etenim
726 1715 774 1761 in
806 1714 913 1761 sano
939 1714 1132 1761 homine
1169 1716 1339 1778 pariter
1376 1729 1516 1781 atque

209 1801 489 1852 ‘aegrotantQ
511 1804 740 1853 magnum
761 1788 878 1852 quid
909 1801 957 1836 et
981 1788 1210 1843 durabile,
1254 1790 1379 1836 unde
1404 1792 1515 1837 Vita

191 1863 389 1918 romnis,
423 1875 470 1909 et
504 1876 702 1926 utraque
720 1862 945 1909 valetudo
979 1861 1200 1924 pendent,
1237 1862 1368 1925 cujus
1395 1864 1514 1910 vires

214 1936 388 1984 mirum
406 1953 549 2003 quam
568 1936 797 1999 ingentes,
814 1948 860 1981 et
883 1953 937 1982 ex
955 1935 1113 1982 innato
1131 1936 1339 2000 quodam
1365 1937 1514 2001 impe-

217 2024 267 2058 tu
295 2011 580 2058 renascentes
613 2008 748 2055 facile
767 2009 964 2072 quidem
1003 2025 1057 2055 ex
1097 2009 1280 2071 integro
1313 2010 1498 2067 elidere,

217 2101 340 2149 aegre
365 2085 612 2132 immutare
627 2096 674 2130 et
699 2098 986 2139 convertere,
1019 2083 1366 2130 medicamenta
1393 2102 1511 2147 que-

215 2173 319 2217 unt,
349 2177 406 2208 eo
427 2160 562 2207 citius
581 2158 836 2205 deffectura
860 2159 1076 2221 persaepe,
1116 2175 1212 2221 quo
1230 2159 1335 2221 plus
1356 2159 1511 2206 subito

216 2235 394 2291 ,affitiv23
420 2247 473 2281 ut
497 2233 552 2280 iis
577 2233 701 2279 lente
726 2233 974 2294 agentibus
1000 2230 1091 2277 fere
1107 2233 1214 2294 plus
1242 2232 1349 2296 fidei
1376 2232 1509 2278 adhi-

218 2307 426 2355 bendum
444 2307 513 2363 fit,
536 2322 681 2370 quam
702 2304 1000 2351 aetivioribus
1026 2318 1269 2351 momento
1285 2304 1510 2368 temporis

218 2383 320 2432 vim
336 2382 645 2437 exerentibUS,
673 2396 720 2428 re
745 2380 776 2426 fi
793 2396 885 2427 non
902 2379 1096 2443 semper,
1121 2381 1401 2444 plerumque
1422 2379 1508 2427 sal-

509 2579 529 2622 Ῠ
555 2579 675 2623 conf„
693 2580 835 2621 Bordeu
854 2579 966 2620 Rech.
985 2581 1059 2633 sur
1075 2580 1120 2619 les
1138 2581 1231 2633 (ἵν-ψ.

847 2656 893 2703 O
930 2671 962 2714 4
1420 2665 1515 2699 tem
