1932 3319
397 277 764 326 AEGRoT.
833 274 948 324 ET
1021 275 1215 327 SAN.
1356 292 1446 343 157

164 413 287 463 §ibus
309 410 495 475 proprie
519 409 775 466 terminari,
819 406 999 455 tametsi
1014 424 1107 455 non
1125 420 1368 472 propterea
1394 426 1451 460 eo

151 486 331 550 judice,
356 486 629 533 criticorum
650 484 932 532 circuituum
956 483 1073 530 ratio
1099 482 1146 528 in
1170 480 1267 545 ejus
1293 484 1450 531 census

160 559 337 608 morbis
360 560 758 624 praetermittenda
783 558 910 605 effer.

228 724 277 770 3.
320 711 540 772 Qorum
582 708 820 765 nonnulla,
879 709 938 755 ab
980 708 1210 771 assumpto
1261 706 1453 755 dicendi

158 782 366 829 instituto
410 781 666 838 discedunt,
714 797 824 827 cum
866 798 959 828 non
983 782 1224 845 proprium
1282 793 1327 826 et
1352 797 1454 827 ma-

158 855 316 902 teriale
351 853 516 901 criseos
558 854 815 917 subjectum
866 855 1013 902 nostra
1045 856 1144 902 haec
1190 854 1454 918 respiciant,

157 925 237 974 sed
297 927 518 975 vitalium
568 941 790 975 motuum
844 929 888 974 in
945 929 1122 975 morbis
1179 930 1455 991 progressio-

160 1017 243 1047 nes
290 1014 336 1048 et
377 1002 617 1049 circuitus.
688 1003 845 1050 Tanta
879 1002 1177 1050 nihilominus
1221 1016 1458 1049 utrorum-

156 1091 250 1138 que
297 1091 678 1139 argumentorum
719 1075 952 1123 consensio
988 1077 1248 1134 intercedit,
1298 1091 1351 1123 ut
1384 1077 1453 1122 al·

158 1150 304 1196 terius
332 1150 609 1206 sermonem,
649 1151 784 1199 unius
810 1151 926 1196 ratio
951 1150 1239 1213 expostulet3
1285 1166 1456 1214 quam-

158 1223 323 1269 obrem
366 1224 523 1287 aliqua
565 1225 775 1272 similiter
817 1225 864 1270 in
915 1225 1114 1272 alterum
1155 1225 1336 1289 praefari
1375 1224 1456 1270 vix

159 1300 480 1361 gravabimur,
508 1300 618 1347 alibi
641 1301 776 1364 plura
791 1299 849 1345 de
864 1300 1103 1362 Principio
1117 1301 1305 1363 proprie
1324 1316 1453 1368 mor·-

159 1372 275 1419 bum
300 1387 346 1421 et
369 1374 610 1421 sanitatem
635 1372 833 1420 faciente
852 1372 1118 1435 exposituri.

225 1535 275 1577 4.
314 1518 415 1583 Qi
441 1505 601 1566 ci‘isem
627 1518 715 1564 effe
738 1530 907 1581 putant
931 1518 1168 1566 morbifici
1191 1519 1408 1583 principii
1430 1535 1457 1565 a

162 1609 358 1657 corpore
383 1593 765 1652 subtraffionem,
816 1593 1026 1656 illudque
1050 1594 1292 1656 proprium
1318 1595 1456 1641 crise-

158 1683 211 1714 os
237 1666 495 1730 subjectum
538 1665 734 1721 faciunt,
787 1666 856 1712 his
892 1679 997 1713 ante
1041 1666 1158 1712 alios
1194 1667 1279 1714 tria
1313 1683 1455 1714 accu-

159 1754 258 1787 rate
281 1754 495 1803 tempora
520 1741 566 1787 in
594 1739 770 1788 morbis
803 1739 1171 1802 distinguuntur,
1201 1741 1458 1787 Cruditatis

158 1814 399 1870 nimirum,
424 1816 656 1869 Coffi‘ionz's,
705 1827 753 1860 et
778 1815 1111 1860 Evacuatz'onis.
1159 1813 1456 1876 Principium

160 1905 364 1952 namque
383 1887 703 1943 morbificmn,
746 1887 926 1933 tametsi
953 1886 1108 1932 minus
1134 1898 1345 1932 accurate
1370 1887 1456 1933 de-

159 1962 342 2018 finiant,
371 1962 612 2008 materiem
632 1975 789 2007 tamen
810 1961 897 2006 effe
919 1960 1045 2005 aiunt
1068 1976 1092 2005 a
1116 1960 1311 2006 naturali
1331 1961 1458 2007 Vitae

161 2035 386 2098 temperie
411 2037 724 2090 recedentem,
742 2034 909 2098 quaein
931 2049 1098 2095 corpus
1122 2034 1286 2080 vivens
1307 2033 1456 2081 intru-

161 2109 367 2155 favarias
386 2107 494 2154 hinc
521 2108 630 2154 inde
655 2121 872 2154 motuum
899 2107 1055 2153 turbas
1076 2107 1305 2154 concitat:
1334 2125 1456 2172 quo-

163 2199 269 2230 rum
295 2199 320 2228 a
355 2183 553 2229 naturali
578 2182 743 2229 ordine
769 2182 1083 2229 aberrantium
1123 2183 1359 2230 actionum
1386 2184 1456 2230 in-

164 2272 395 2314 terventu,
432 2258 624 2304 morbus
642 2271 938 2321 procreatur:
978 2255 1108 2319 cujus
1134 2258 1246 2304 item
1271 2257 1317 2303 in
1340 2258 1456 2321 pris-

163 2333 312 2379 tinam
353 2332 594 2379 sanitatem
634 2335 879 2389 terminus,
942 2333 987 2378 in
1035 2333 1176 2378 crudae
1211 2331 1453 2395 ejusmodi,

164 2420 309 2468 quam
335 2403 394 2449 s1c
430 2405 690 2461 nominant,
728 2404 956 2460 materiei,
983 2407 1174 2462 coffivne,
1209 2420 1254 2452 et
1285 2423 1454 2453 vacua-

164 2482 275 2526 tione
312 2480 528 2528 confistit.
617 2480 710 2527 His
757 2479 901 2527 ferme
951 2481 1161 2527 constant
1198 2482 1452 2540 humeralis,

166 2568 310 2615 quem
335 2553 380 2599 in
401 2554 597 2602 modum
626 2553 1004 2618 aliquiscribunt‚
1032 2553 1323 2616 Pathologiae
1344 2553 1453 2601 fun-

164 2627 398 2676 damenta.

1191 2790 1235 2841 5.
1254 2825 1260 2830 ,
1276 2775 1453 2822 Contra
