1932 3319
508 280 604 333 124-
737 266 1545 325 DE=V1T.PERIOD.

501 400 691 464 quando
715 402 772 448 ab
799 418 869 462 ea,
895 420 1038 467 quam
1060 402 1118 451 {ic
1139 404 1383 452 nominant
1399 420 1563 470 agente
1585 409 1795 458 Medici.-

500 490 577 531 na‚
635 475 786 521 vietus
825 476 1118 533 tenuitatem,
1157 476 1402 542 solumque
1450 495 1583 544 aquae
1624 496 1792 545 potum

498 563 793 596 exemerunt:
833 550 1062 614 quidquid
1090 551 1213 598 enirn
1240 552 1283 598 in
1307 553 1472 599 morbo
1495 570 1654 603 contra
1680 573 1792 605 con-

496 622 808 680 suetudinem,
856 638 936 670 aut
975 637 1168 687 propter
1200 625 1343 687 ipsam
1369 626 1520 674 morbi
1553 631 1791 676 neceffita·

494 710 608 754 tern,
658 712 737 745 aut
776 711 966 761 propter
991 698 1170 744 Medici
1213 693 1454 747 confilium
1498 701 1568 761 fit,
1606 715 1794 751 tantum

495 773 742 820 a&ivitatis
762 773 806 818 in
830 767 872 818 se
896 772 1050 828 habet,
1076 785 1304 836 quantum
1321 790 1346 818 a
1365 773 1695 823 consuetudine
1714 792 1788 829 re·-

493 847 616 900 cedit
637 865 647 892 :
685 847 742 893 de
767 862 861 909 qua
886 862 931 893 re
956 844 1104 892 rursus
1132 845 1233 893 satis
1255 846 1402 894 multa
1429 847 1561 894 alibi.

561 1012 608 1054 4.
647 997 870 1054 Verum,
897 993 975 1053 vix
1033 993 1177 1050 etiam
1218 995 1528 1058 Hippocratis
1581 997 1788 1047 Medic}

494 1085 604 1128 narn
646 1084 838 1126 omnem
875 1068 1008 1114 unice
1042 1068 1088 1114 in
1113 1067 1265 1125 viCtus
1290 1069 1516 1117 tenuitate
1542 1070 1795 1133 fundatam

491 1143 623 1188 fuiffe
648 1154 777 1205 puto.
853 1141 1065 1189 Plurima
1091 1140 1286 1206 quidem
1325 1142 1383 1201 de
1408 1141 1506 1206 ejus
1529 1144 1789 1206 praestantia.

492 1218 539 1264 in
565 1218 709 1264 acutis
735 1216 914 1264 morbis
936 1216 1060 1289 apud
1081 1232 1187 1262 eum
1209 1229 1392 1263 extant:
1421 1218 1604 1275 monuit
1627 1231 1786 1279 tamen

491 1309 583 1341 non
624 1309 724 1338 raro
748 1291 944 1370 periculi
979 1290 1293 1372 plcniffimarn
1335 1291 1440 1348 effe,
1477 1306 1780 1374 erroremque

489 1381 683 1413 omnem
709 1363 934 1427 majorem
980 1365 1026 1410 in
1068 1365 1194 1410 tenui
1236 1363 1365 1410 vieta
1390 1364 1508 1422 fieri,
1555 1381 1700 1428 quam
1732 1365 1780 1413 in

487 1440 630 1503 paulo
654 1438 895 1502 pleniore:
931 1450 983 1483 ut
1000 1449 1243 1500 propterea
1266 1437 1382 1482 latas
1408 1438 1466 1484 ab
1492 1454 1547 1484 eo
1572 1438 1782 1486 nutrien-

487 1512 916 1574 dorum'aegrorum
954 1511 1098 1573 leges,
1137 1508 1410 1556 austeritatis
1450 1511 1782 1572 reprehendere

487 1587 683 1634 difficile
709 1586 789 1639 fit,
829 1579 1051 1648 eumque,
1079 1580 1257 1639 eontra,
1281 1583 1628 1647 indulgentiore
1655 1601 1778 1632 non-

487 1662 603 1710 nihil
631 1661 786 1708 animo
813 1661 857 1707 in
875 1660 962 1715 his,
988 1675 1095 1723 quae
1119 1659 1175 1704 ad
1197 1657 1373 1705 vietum
1394 1659 1644 1721 pertinent,
1667 1676 1778 1722 gra-

487 1736 651 1783 tificari
676 1735 1010 1798 aegrotantibus
1036 1732 1336 1787 consuevisse,
1374 1733 1542 1779 reetius
1568 1749 1592 1778 a
1617 1733 1778 1783 multis

487 1811 614 1857 dicat
618 1827 686 1857 ur.
728 1810 770 1854 Is
796 1807 968 1866 etenim
988 1804 1093 1852 ante
1114 1805 1339 1853 Medicos
1355 1801 1584 1867 conjicere
1601 1805 1772 1862 voluit,

487 1902 600 1932 num
627 1899 752 1946 ‘egro
773 1883 808 1928 is
834 1882 982 1928 vifflus
1006 1867 1150 1944 usque
1176 1881 1233 1939 ad
1257 1879 1409 1926 morbi
1430 1878 1642 1942 vigorem
1669 1879 1772 1926 satis

485 1959 614 2017 effer,
651 1973 736 2003 nec
781 1955 905 2018 prius
930 1956 1056 2015 aegei
1101 1954 1339 1999 defficeret
1374 1968 1526 2015 neque
1566 1968 1677 1998 cum
1713 1967 1773 2000 eo

483 2026 611 2073 viem
645 2024 890 2088 perdurare
932 1998 1098 2083 poffet,
1140 2036 1288 2082 quam
1322 2019 1512 2071 morbus
1552 2031 1657 2065 ante
1699 2034 1774 2065 re-

483 2100 718 2147 mitteret:
758 2095 1069 2159 quamobrem
1096 2093 1263 2151 acriter
1305 2108 1488 2141 coaevos
1513 2091 1595 2138 fibi
1622 2092 1772 2145 medi-

483 2191 564 2220 cos
589 2174 812 2235 increpat,
838 2169 970 2233 quod
994 2181 1278 2232 :egrotantes
1296 2163 1448 2213 inedia
1466 2181 1770 2231 macerarent,
1831 2167 1833 2170 ’

483 2243 707 2367 cibosque
734 2246 894 2291 adulto
921 2245 1167 2290 dumtaxat
1191 2241 1359 2288 morbo
1399 2240 1509 2286 dare
1547 2240 1769 2289 solerent.

515 2321 724 2384 njusmod
733 2321 742 2365 i
771 2318 1012 2366 sermone
1004 2335 1049 2363 m
1078 2317 1132 2365 iis
1155 2315 1418 2379 praeprimis
1454 2315 1584 2362 libris
1607 2316 1768 2386 utitur,¹

485 2379 603 2459 quas
631 2397 686 2442 de
707 2395 870 2441 Vinus
892 2392 1092 2440 Ratione
1119 2391 1164 2437 in
1191 2391 1358 2439 Acutis
1380 2392 1600 2438 exaravit

549 2559 591 2606 5.
632 2544 698 2589 At
724 2542 849 2588 enim
877 2542 1066 2589 internis
1105 2541 1321 2588 remediis
1346 2555 1456 2586 eum
1489 2539 1648 2585 locum
1681 2535 1765 2588 de<

480 2618 572 2665 dist
567 2633 606 2672 e,
651 2615 791 2677 iisque
818 2617 940 2661 hand
966 2615 1145 2678 prorsus
1167 2613 1430 2668 mitissimis,
1467 2610 1683 2675 praeclare
1707 2625 1764 2655 ex

481 2709 518 2737 t
510 2709 578 2739 tls
603 2690 734 2737 libris
762 2706 862 2753 app
857 2703 981 2736 iret
1021 2689 1198 2736 tametsi
1224 2689 1282 2735 de
1308 2689 1378 2735 his
1418 2686 1637 2734 omnibus
1670 2700 1762 2730 non

1626 2757 1762 2804 nimis
