1932 3319
404 289 472 332 40
634 275 757 325 DE
814 277 1000 327 VIT.
1058 277 1449 327 PERIOD.

768 481 1121 540 DIES
1257 480 1350 528 111.

472 622 541 668 A.
581 622 879 670 Circuituum
907 633 1082 677 autem,
1122 622 1206 685 qui
1242 619 1406 667 diebus
1443 616 1700 682 imparibus
1752 627 1758 631 “

397 690 618 754 judicant
657 693 835 755 primus
889 692 952 740 est
997 692 1176 748 tertius,
1213 691 1426 756 quintUS‚
1463 689 1701 755 septimus,

407 782 576 822 nonus,
598 767 892 824 undecimus,
934 767 1146 814 decimus
1177 765 1418 828 septimus,
1448 765 1702 828 vigesimus

402 839 603 903 primus,
614 839 867 903 vigesimus
886 839 1128 903 septimus,
1143 852 1188 886 et
1200 839 1463 902 trigesimus
1473 838 1654 902 primus
1665 840 1697 886 ‘.

469 982 526 1026 Β.
573 980 774 1027 Sudores
802 979 1179 1028 febricitantibus
1206 980 1336 1038 boni,
1373 982 1454 1046 qui
1468 979 1704 1044 coeperint

400 1054 543 1101 tertio
588 1054 683 1110 die,
721 1055 906 1117 quinto,
956 1056 1174 1119 septimo,
1227 1070 1372 1116 nono,
1423 1056 1701 1112 undecimo,

399 1128 589 1175 decimo
615 1141 798 1192 quarto,
830 1129 1019 1176 decimo
1038 1130 1254 1193 septimo,
1280 1129 1507 1193 vigesimo
1524 1130 1700 1193 primo,

401 1203 632 1266 vigesimo
643 1202 839 1266 septimo
846 1240 860 1261 ,
876 1204 1115 1267 trigesimo
1127 1205 1296 1267 primo,
1312 1204 1549 1268 trigesimo
1562 1220 1703 1269 quar-

399 1288 452 1324 to
472 1280 489 1298 ²
511 1294 522 1324 :
569 1277 602 1323 ii
628 1276 754 1323 enim
783 1277 971 1324 sudores
996 1278 1189 1324 morbos
1213 1277 1448 1341 judicant.

468 1424 529 1472 C.
582 1424 787 1471 Sudores
821 1423 1211 1482 febricitantibus,
1255 1424 1467 1480 fitertio‚
1514 1425 1703 1489 quinto,

400 1497 616 1560 septimo,
664 1514 808 1554 nono,
851 1498 1128 1554 undecimo,
1176 1499 1365 1546 decimo
1399 1509 1584 1564 quarto,
1630 1499 1704 1546 vi-

403 1573 584 1636 gesimo
609 1573 786 1636 primo,
827 1586 875 1620 et
907 1573 1143 1637 trigefimo
1183 1575 1258 1621 die
1284 1576 1563 1640 contingant
1586 1574 1707 1639 ejus-

403 1647 538 1694 modi
572 1646 780 1705 sudores,
823 1649 1016 1696 morbos
1040 1649 1285 1714 judicant:
1329 1651 1412 1714 qui
1451 1667 1564 1699 vero
1610 1667 1705 1718 non

401 1720 466 1768 fic
491 1720 792 1784 contingunt,
835 1722 1017 1769 labores
1039 1723 1327 1787 portendunt
1343 1727 1376 1772 ³.

472 1867 539 1912 D.
590 1866 890 1930 Qibusdam
910 1869 1052 1917 etiam
1067 1871 1262 1935 septima
1281 1869 1358 1916 die
1377 1869 1604 1928 decrevit,
1628 1871 1704 1922 di-

407 1937 527 1986 ebus
552 1940 730 2004 septem
772 1942 1033 2002 intermisit,
1075 1958 1123 1991 et
1163 1961 1219 1992 ex
1244 1943 1452 1991 recidiva
1474 1945 1549 1992 die
1569 1945 1707 1992 tertia

407 2010 639 2075 judicatio
663 2013 784 2062 faeta
803 2016 866 2062 est
883 2019 920 2064 ⁴.

476 2153 538 2200 E.
586 2155 642 2201 In
662 2155 867 2218 quadam
894 2155 1099 2204 febrium
1138 2158 1497 2215 Constitutione,
1521 2157 1709 2223 judica-

413 2227 584 2275 bantur
607 2229 762 2286 tertia‚
811 2230 1031 2294 quaedam
1052 2226 1233 2296 quinta,
1269 2233 1488 2298 quaedam
1511 2233 1709 2300 septima

387 2469 393 2472 ,
464 2422 481 2441 1
509 2420 624 2470 Epza.
642 2420 673 2456 1.
689 2423 783 2469 fia.
802 2420 859 2459 iii.

460 2485 479 2503 ²
506 2480 603 2531 Aps).
623 2479 813 2518 XXXVI.
830 2484 920 2532 se’c‘J.
940 2481 993 2521 iv.

460 2545 478 2570 3
507 2543 574 2578 Ex
592 2539 679 2576 Lis).
694 2541 734 2577 de
753 2542 867 2579 Jmllc,
888 2552 964 2595 cap.
982 2542 1036 2580 lli.

457 2604 478 2628 ⁴
504 2600 620 2654 Epid.
642 2599 783 2651 Lsebss.
804 2600 843 2639 ii.
858 2602 954 2650 stat.
976 2601 1031 2641 iii.
1063 2601 1166 2644 Focs.

468 2693 470 2696 ,
1167 2681 1169 2685 v
1629 2663 1706 2710 die
