1932 3319
369 238 736 289 AEGROT.
795 236 909 285 ET
971 238 1166 286 SAN.
1311 256 1395 303 191

114 372 249 429 dunt,
274 388 358 437 pro
377 372 503 419 varia
526 371 731 436 ejusdem
757 382 891 419 aetate
916 382 963 417 et
984 370 1246 428 duratione,
1271 372 1404 419 statas

113 445 320 493 fimiliter
343 446 676 494 vicissitudines
700 459 968 509 competere
985 442 1238 508 judicavit.

182 605 232 652 7.
271 593 437 657 anue
462 592 602 638 etiam
629 591 938 655 Hippocratis
975 606 1109 637 mens
1146 588 1280 637 fuiffe
1305 605 1406 637 cre-

111 661 257 721 ditur,
294 679 346 711 ut
364 680 476 712 cum
500 664 546 709 in
570 665 730 721 Libia,
756 677 802 711 et
816 665 957 721 Delo,
983 677 1030 711 et
1049 662 1257 725 Scythia,
1281 664 1408 726 prius

112 734 281 802 scripta
311 754 338 784 a
389 737 432 783 se
475 737 532 783 de
575 738 863 784 Morborum
904 738 1080 800 Signis,
1120 737 1322 796 Inceffu,
1362 752 1412 786 et

112 809 313 856 Finibus
337 825 446 855 vera
473 810 561 855 effe
601 811 814 866 novisset,
841 811 1058 856 locorum
1084 812 1293 873 oppoflta
1317 812 1410 858 dis-

114 880 419 928 similitudine
444 882 524 928 vix
566 879 829 945 quidquam
855 884 900 928 in
942 882 1186 929 adversum
1219 885 1409 946 profici-

111 966 239 1011 ente,
281 970 337 1001 ea
360 967 610 1018 propterea
635 955 1017 1002 immutabilibus
1053 958 1251 1004 Naturae
1287 958 1411 1020 legi-

115 1027 203 1074 bus
240 1028 543 1092 superstrue'ta
568 1026 821 1091 judicaret,
856 1022 1004 1092 eaque
1028 1031 1198 1093 pariter
1225 1033 1412 1080 duratas

115 1100 293 1164 frigore
320 1116 501 1165 gentes,
527 1102 733 1165 aestuque
757 1103 962 1165 perustas
988 1105 1183 1152 afficere.
1253 1108 1412 1170 Qare

114 1177 338 1239 praeclare
363 1177 481 1223 illud
508 1179 544 1224 F
550 1176 730 1232 reind‘ii‚
763 1177 836 1223 Ne
859 1180 955 1239 quis
977 1195 1043 1235 ea,
1071 1197 1163 1242 quae
1187 1181 1238 1226 de
1254 1181 1411 1227 Febri-

114 1249 194 1296 bus
217 1249 364 1297 divine
383 1251 562 1313 scripstt
580 1250 885 1312 Hippocrates,
920 1252 981 1298 ad
1012 1268 1083 1298 nos
1119 1255 1285 1300 minime
1301 1269 1410 1317 per-

115 1324 252 1369 tinere
269 1323 531 1381 arbitretur,
551 1325 695 1371 veluti
712 1324 797 1370 alio
812 1325 856 1369 in
880 1325 991 1382 caelo,
1015 1325 1185 1387 alioque
1201 1327 1415 1376 hominum

111 1412 262 1459 genere
294 1397 498 1459 conell-{ses
525 1396 564 1444 ⁵.

188 1546 233 1592 8.
270 1546 432 1609 Qam
454 1543 517 1590 ob
541 1544 760 1601 caussam,
789 1543 819 1590 si
843 1542 958 1607 quid
984 1559 1008 1589 a
1028 1544 1218 1592 condita
1252 1547 1414 1594 Medi-

119 1616 226 1663 cina
261 1615 471 1663 durabile
509 1617 717 1679 perstitit,
755 1632 906 1679 neque
939 1615 1214 1663 saeculorum
1238 1619 1414 1667 succes-

121 1689 266 1747 slone,
292 1688 387 1735 ulla
414 1687 594 1752 prorsus
614 1702 743 1751 parte
768 1688 960 1744 interiit,
995 1689 1114 1735 illud
1131 1691 1335 1738 maxime
1359 1695 1416 1739 ad

121 1774 371 1809 acutorum
414 1763 705 1810 Morborum
746 1763 963 1826 periodos
1009 1763 1226 1825 pertinet,
1269 1779 1323 1813 ut
1368 1767 1414 1813 in

120 1835 244 1882 hunc
260 1832 405 1896 usque
428 1833 717 1881 die1n‘'du<sta
741 1837 799 1881 ab
819 1835 1115 1897 Hippocrate
1136 1837 1417 1886 Semeiotica

123 1906 322 1968 integra,
354 1906 493 1969 inque
532 1923 723 1953 omnem
747 1919 927 1969 partem
952 1906 1126 1968 vigeat.
1200 1910 1419 1957 Maxima

123 1992 247 2026 certe
279 1979 554 2026 morborum
588 1996 710 2042 pars,
736 1995 843 2042 quae
860 1978 1027 2025 Acutis
1054 1980 1250 2036 constat,
1284 1983 1418 2046 Hip-
1487 2024 1490 2025 γ

123 2052 389 2116 pocraticos
414 2054 637 2100 circuitus
681 2068 727 2100 et
753 2055 865 2100 fines
898 2069 981 2116 per
1021 2066 1168 2101 totam
1208 2057 1418 2122 undique

124 2128 384 2190 Europam,
402 2127 807 2176 Zimmermanni⁷
848 2126 1128 2186 testimonio,
1156 2143 1202 2177 et
1214 2130 1417 2193 judicio,

127 2205 481 2254 commonstrat.

171 2361 190 2384 ⁶
221 2362 351 2400 Comm.
372 2362 413 2399 de
432 2362 538 2401 Febr.
559 2364 593 2402 I.

172 2423 189 2446 7
218 2422 289 2458 Les
313 2423 494 2460 Maladies
511 2426 644 2474 aigum,
677 2434 710 2460 et
747 2424 1025 2474 cofflqucmment
1056 2427 1101 2463 les
1136 2427 1228 2465 deux
1257 2433 1342 2466 tiers
1371 2429 1426 2466 des

121 2480 315 2526 Maladies,
346 2491 403 2517 ont
439 2483 526 2519 dans
550 2485 693 2535 prestlue
710 2493 784 2519 tous
810 2485 855 2520 les
877 2493 965 2536 pays
982 2486 1023 2521 de
1050 2486 1221 2540 l'Europe
1237 2491 1283 2525 les
1311 2504 1429 2527 memes

111 2539 313 2590 stmptomes‚
334 2541 379 2576 les
389 2554 507 2577 memes
510 2543 634 2593 figm’s,
657 2553 687 2579 et
700 2544 735 2579 la
754 2557 855 2581 meme
874 2545 965 2592 iffiae,
981 2559 1044 2593 que
1061 2546 1147 2585 dans
1159 2548 1426 2601 Hippocratem.

123 2597 197 2640 Des
216 2598 370 2651 Prejug.
386 2611 499 2639 contre
512 2601 659 2638 l’Eae-ud,

363 2681 389 2712 2
1161 2687 1204 2732 9.
1243 2672 1417 2733 Neque
