1975 3343
453 260 614 334 [xx]

451 422 642 474 contra,
683 429 835 479 quam
853 410 906 460 in
928 427 1114 479 magno
1130 407 1299 462 saltem
1325 422 1618 462 caeterorum
1634 404 1764 459 Ani-

452 500 662 552 malium
684 520 914 570 numero,
930 520 1149 570 quorum
1158 502 1290 552 calor
1299 501 1440 552 facile
1450 499 1618 568 augeri
1634 496 1766 561 finit,

454 609 617 659 neque
635 610 932 660 eum‚quem
954 605 1129 648 natura
1145 588 1229 643 sua
1244 593 1447 656 habent,
1463 593 1530 644 ita
1547 589 1768 640 similiter

454 680 685 731 adversus
714 681 974 732 extrinseci
1002 682 1174 732 caloris
1210 682 1577 733 incrementum
1608 677 1770 729 custo-

455 771 616 821 diunt.
721 771 894 845 Qam
941 773 1004 822 ob
1055 770 1269 822 cauffam
1309 771 1453 822 facile
1503 770 1773 829 laeduntur,

455 862 722 930 crebraque
749 862 802 912 in
829 880 1006 913 eorum
1030 862 1154 913 Vita
1192 861 1485 913 mutationis
1521 858 1771 911 neceflitas
1805 869 1808 872 “

455 965 606 1004 extat.

532 1127 733 1183 XWH.
775 1135 949 1209 Qam
967 1136 1178 1187 arbitror
1204 1136 1453 1187 rationem
1481 1133 1593 1196 effe,
1619 1149 1776 1200 prop-⁶

457 1228 532 1268 ter
551 1239 722 1286 quam5
750 1239 867 1271 cum
888 1226 1138 1291 pleraeque
1155 1224 1493 1285 Animalium‚
1515 1234 1563 1272 et
1581 1221 1777 1270 Planta-

459 1321 571 1358 tum
598 1308 778 1376 species
805 1311 904 1362 suis
932 1327 1144 1379 quaeque
1185 1326 1326 1364 terrae
1354 1312 1644 1380 regionibus
1670 1311 1778 1360 alli-

460 1398 566 1467 gari
615 1398 898 1460 videantur,
954 1418 1233 1468 eorumque
1269 1420 1455 1467 magna
1497 1419 1610 1467 pars
1661 1418 1776 1450 mu-

459 1501 565 1539 tato
617 1489 736 1538 crelo
788 1489 1013 1551 intereat,
1053 1492 1131 1538 vel
1175 1490 1346 1544 saltem
1381 1490 1649 1558 propagari
1698 1508 1796 1541 ite-t

462 1575 612 1631 cuset‚
654 1575 783 1627 solus
811 1578 991 1626 Homo
1018 1576 1111 1626 late
1153 1595 1243 1644 per
1275 1595 1484 1630 omnem
1511 1578 1778 1639 Mundum

463 1664 780 1714 dominetur:
822 1665 902 1714 ille
930 1683 1092 1732 agros,
1132 1683 1358 1728 nemora,
1403 1677 1450 1715 et
1470 1664 1610 1723 silvas
1636 1666 1779 1718 habi-

462 1766 562 1805 tet:
604 1755 718 1805 imis
758 1755 987 1818 vallibus,
1025 1756 1361 1825 altissimisque
1391 1755 1658 1819 ⁴montibus
1703 1754 1782 1804 in-

464 1841 644 1895 fideat:
693 1845 772 1895 ille
816 1845 959 1912 super
1000 1847 1152 1910 lacus,
1190 1861 1236 1897 et
1278 1846 1507 1910 flumina,
1551 1859 1599 1898 et
1626 1845 1783 1897 maria

463 1933 685 1985 innocua
726 1935 847 1985 Vita
888 1934 1142 1987 consistat:
1203 1949 1250 1988 et
1292 1937 1586 2004 nuperrimo
1630 1936 1782 1987 etiam

464 2024 601 2089 ausu,
636 2027 725 2075 vix.
776 2025 1009 2077 ferendos
1059 2027 1233 2078 avibus
1280 2029 1475 2078 volatus
1516 2027 1780 2078 sustineat:

466 2109 547 2160 ille
575 2111 782 2161 demum
810 2131 927 2161 cum
954 2112 1007 2161 in
1034 2113 1243 2163 Oriente
1281 2114 1418 2163 diem
1442 2112 1641 2176 viderit,
1685 2112 1783 2162 mi-

464 2195 647 2244 tissimo
674 2195 933 2247 confectus
960 2196 1095 2247 senio
1131 2198 1486 2261 inffOccidente
1521 2198 1781 2259 moriatur,

467 2280 731 2348 postquam
777 2283 1003 2334 coenosos
1043 2283 1214 2332 Austri
1258 2281 1420 2346 flatus,
1465 2283 1782 2352 Boreamque

467 2365 823 2434 penetrabilem
841 2367 1190 2421 circumiverit.

542 2535 687 2586 XIX.
729 2536 969 2587 Attamen
1009 2556 1125 2587 cum
1160 2537 1426 2604 multiplex
1453 2538 1534 2590 ille
1559 2537 1706 2590 Aeris
1732 2557 1782 2598 et

462 2619 595 2671 Vitae
617 2620 877 2673 contensus
894 2622 964 2673 nil
986 2640 1090 2674 non
1118 2623 1389 2676 dubitabile
1416 2621 1559 2690 sinat,
1576 2623 1780 2693 quando

1679 2705 1776 2759 iso-
