1932 3319
433 285 524 347 158
663 281 780 341 DE
832 278 1023 331 v1T.
1080 279 1469 331 PERIOD.

495 428 540 478 ς.
578 415 752 463 Contra
779 413 837 460 fic
861 412 974 458 dieu
1000 412 1206 472 Solidistae
1243 413 1301 459 ad
1330 413 1717 465 humorum.cru-'
1749 414 1752 419 ’

426 490 610 548 ditates,
648 502 693 536 et
731 487 1008 535 acrimonias
1032 487 1111 533 vix
1137 487 1398 551 quidquam
1433 488 1722 552 respicientes

427 564 747 619 debilitatum,
785 575 830 608 et
867 562 1174 608 immutatum
1198 561 1353 609 vitalis
1395 560 1526 608 fibrae
1557 575 1724 610 tonum

429 637 679 685 univerfim
706 637 752 683 in
777 637 952 684 morbis
978 635 1301 683 considerant:
1342 648 1540 699 tumque
1559 635 1724 683 sanita-

429 721 527 757 tem
552 712 701 758 redire
726 725 910 774 putant,
950 727 1062 757 cum
1086 710 1236 758 rursus
1261 709 1308 757 in
1334 709 1578 773 pristinum
1608 709 1727 757 redit

429 785 684 834 solidorum
702 787 818 843 vita,
846 786 1229 849 singularumque
1249 784 1456 848 partium
1481 783 1601 830 aetio
1619 799 1728 846 pro-

429 864 564 923 pria:
606 859 744 923 juxta
782 877 903 924 quos
956 861 1209 907 humorum
1251 859 1574 919 vacuationes,
1621 875 1728 924 quae

430 934 515 981 sub
540 934 696 979 morbi
720 933 921 979 termino
946 934 1186 988 eveniunt,
1231 933 1336 977 sunt
1372 933 1491 994 saepe
1512 933 1728 981 vitalium
1760 953 1763 956 ⁴

429 1019 651 1052 motuum
691 1006 738 1052 in
779 1004 1025 1070 pristinum
1067 1004 1384 1063 redeuntium,
1422 1005 1549 1068 signa
1572 1007 1730 1068 potius

430 1080 717 1143 effeetusque
760 1080 1012 1136 neceffarii‚
1069 1096 1215 1143 quam
1254 1078 1442 1143 propria
1476 1080 1733 1128 morbificae

435 1154 646 1201 materiei
671 1153 948 1202 eliminatio.

501 1304 548 1349 6.
585 1301 827 1365 Utrosque
864 1299 1074 1347 similiter
1097 1316 1263 1347 verum
1297 1300 1462 1348 vidiffe
1502 1299 1730 1348 arbitrorz

434 1389 587 1438 neque
613 1373 739 1419 enim
772 1374 898 1436 quod
926 1373 972 1419 in
992 1375 1263 1421 alterutram
1289 1391 1347 1421 ex
1374 1374 1591 1437 expositis
1626 1391 1733 1422 mo-

395 1436 493 1497 -do
518 1449 770 1506 sententiis,
803 1449 1018 1497 lubenter
1043 1450 1193 1511 magis
1225 1450 1517 1506 deflexerim,
1544 1450 1590 1496 in
1615 1450 1732 1497 alte-

434 1541 534 1571 ram
559 1523 752 1586 injurius
778 1535 886 1570 ero:
926 1524 1054 1586 quod
1080 1524 1338 1569 alienarum
1362 1538 1516 1569 rerum
1542 1523 1734 1586 impati-

436 1597 654 1645 entiffimi
716 1598 983 1660 nuperiores
1043 1596 1238 1660 quidam
1297 1595 1462 1660 injuste
1506 1596 1734 1646 fecerunt.

438 1676 688 1742 Qantum
722 1673 865 1728 enim,
927 1671 1008 1734 qui
1051 1688 1212 1718 earum
1251 1672 1454 1734 primam
1496 1671 1735 1735 complexi

438 1747 560 1804 sunt,
602 1748 660 1794 de
686 1747 899 1793 morbosa
918 1746 1121 1792 maxime
1148 1746 1431 1792 eliminanda
1449 1746 1645 1792 materie
1665 1745 1738 1793 so-

436 1824 572 1879 liciti,
613 1824 858 1869 continuas
891 1822 1192 1885 purgationes
1232 1822 1278 1867 in
1321 1820 1498 1868 morbis
1525 1821 1736 1870 institue-

438 1898 547 1953 rint,
575 1896 930 1959 iaxantibusque
950 1895 1196 1942 medicinis
1218 1896 1554 1959 ampliflimum
1576 1897 1738 1945 locum

437 1970 665 2026 dederint,
706 1971 737 2017 fi
764 1969 879 2034 quid
906 1970 950 2015 in
976 1969 1058 2016 isto
1084 1982 1368 2025 erraverunt,
1394 1968 1440 2014 in
1462 1969 1733 2027 Medicum,

438 2046 691 2109 plusquam
716 2045 905 2093 Medici
924 2044 1200 2108 opinionem
1219 2043 1359 2107 culpa
1381 2043 1571 2092 recidit.
1597 2045 1736 2092 Omi-

441 2133 548 2166 nata
573 2120 677 2167 sane
704 2120 941 2183 utrimque
984 2119 1309 2176 Medicorum,
1357 2119 1531 2182 quibus
1555 2119 1739 2167 consul·

442 2195 530 2241 tior
549 2212 680 2241 mens
723 2193 829 2254 fuit,
868 2195 1021 2257 praxis
1058 2194 1116 2240 ab
1150 2193 1281 2240 omni
1301 2191 1445 2241 ferme
1466 2192 1739 2258 antiquitate

441 2270 562 2316 stetit
584 2287 593 2315 ε
633 2271 898 2333 pariterque
924 2285 1034 2315 cum
1053 2269 1109 2315 ad
1127 2269 1487 2317 decumbentem
1508 2282 1736 2333 aegrotum

443 2342 680 2405 utrimque
719 2356 913 2390 ventum
957 2344 1035 2399 est,
1078 2359 1173 2389 vox
1222 2345 1417 2392 Naturae
1466 2343 1734 2392 intellecta:

446 2413 741 2463 inscientium
778 2434 890 2464 vero
933 2418 1069 2464 turba
1106 2416 1276 2479 pariter
1298 2418 1538 2482 utrimque
1561 2435 1645 2482 per
1662 2417 1738 2465 fu-

444 2503 554 2534 nera
578 2503 622 2534 et
647 2489 815 2553 strages
854 2491 1237 2555 periculofiffima
1269 2490 1449 2557 ubique
1475 2492 1627 2558 coepit
1644 2493 1738 2541 Ar-

447 2574 506 2608 tis
531 2577 865 2624 experimenta,

1569 2718 1614 2767 7.
1655 2699 1737 2750 Est
