1932 3319
427 284 804 332 AEGROT.
864 284 979 333 ET
1038 285 1215 334 SAN.
1360 306 1446 353 107

224 434 268 482 5.
303 418 484 465 Eorum
509 418 720 482 profecto
744 417 984 482 pleraque,
1021 419 1234 483 quisquis
1278 420 1338 466 ad
1363 421 1443 468 lit-

157 506 256 539 tera
279 491 536 556 sumpserit,
575 491 736 539 insulsa
773 494 889 540 adeo
920 492 1108 556 judicet
1144 494 1321 540 neceffe
1362 496 1443 551 est,

157 579 209 613 ut
228 567 403 613 nedum
423 568 741 630 Hippocrate,
766 582 846 614 aut
872 570 1181 631 Pythagoraeo
1195 569 1448 617 universim

153 639 345 687 homine
388 640 722 704 indignissima,
769 640 847 687 sed
888 642 1070 705 stupido
1122 643 1266 690 etiam
1315 645 1447 691 bardi

157 712 415 777 cujuspiam
451 714 641 776 ingenio
674 730 727 761 ea
750 715 832 761 vix
857 715 1162 763 concedenda
1187 718 1445 779 permittat.

156 790 407 851 Qantum
447 788 619 834 etenim
660 788 1066 852 Pythagoreorum
1114 790 1319 838 instituta
1355 792 1449 838 alta

146 861 345 927 jamque
369 864 504 910 nocte
536 863 822 926 operiantur,
847 863 1039 926 solaque
1075 865 1133 911 ad
1172 882 1256 913 nos
1283 883 1450 914 eorum

157 939 298 985 verba
322 939 633 1002 provenerint,
662 956 785 985 vana
799 939 1001 1002 prorsus,
1022 941 1154 1003 quod
1169 957 1239 988 res
1262 942 1450 988 interci-

157 1011 329 1069 derint,
389 1028 587 1074 quarum
630 1028 685 1058 ea
718 1013 902 1059 fuerant
929 1025 1170 1076 tamquam
1196 1014 1448 1077 imagines,

160 1097 207 1128 et
249 1085 627 1132 conventionalia
662 1084 868 1147 spectra,
924 1085 1227 1133 nihilominus
1250 1089 1329 1133 vix
1348 1104 1452 1134 cre-

160 1156 309 1203 dibile
334 1159 396 1204 est
420 1176 474 1205 ex
502 1175 836 1221 eorumgrege
857 1159 1063 1223 aliquem
1088 1177 1145 1207 eo
1163 1161 1308 1225 usque
1332 1162 1452 1209 insa-

162 1229 340 1289 niviffi·‚
389 1244 439 1277 ut
461 1233 699 1279 neminem
737 1233 818 1279 nili
844 1233 937 1288 die,
965 1233 1136 1290 mense,
1162 1248 1207 1279 et
1229 1251 1349 1282 anno
1368 1238 1452 1283 im-

153 1298 343 1363 paribus
373 1300 492 1345 mosi
528 1301 653 1361 poffe
695 1299 892 1346 diceret:
934 1299 1062 1362 sique
1087 1299 1316 1362 ejusmodi
1342 1302 1452 1348 lim-

162 1370 316 1431 phnae
335 1387 502 1417 mentis
522 1373 830 1417 deliramenta
851 1372 905 1416 ad
933 1372 1118 1435 aliquos
1140 1372 1329 1420 fortaffis
1347 1391 1455 1437 per·-

163 1446 412 1500 tinuerunt‚
457 1447 535 1492 vix
579 1460 702 1493 certe
741 1461 819 1493 aut
846 1447 1128 1508 Pythagorae
1153 1462 1231 1493 aut
1256 1450 1454 1512 Hippo-

164 1518 300 1564 cratis
340 1520 452 1573 ·‘i1nt‚
480 1536 565 1581 pro
590 1536 796 1581 quorum
820 1519 1030 1566 virorum
1069 1519 1307 1583 sapientia,
1334 1523 1455 1570 invi«

163 1591 414 1639 diosiffima
433 1595 530 1652 stat,
549 1607 594 1639 et
615 1595 671 1640 ab
689 1595 816 1641 omni
841 1610 946 1640 aevo
965 1592 1166 1641 confeffa
1187 1596 1455 1644 celebritas.

165 1667 328 1729 Magis
369 1683 612 1731 propterea
654 1670 795 1715 miror
842 1670 1097 1725 Galenum,
1141 1684 1372 1717 errantem
1410 1671 1454 1718 in

164 1756 467 1787 numerorum
504 1742 902 1798 concursionibus,
942 1756 988 1788 et
1022 1744 1247 1805 potestate
1281 1745 1460 1806 Pytha-

166 1831 356 1877 goram,
386 1817 512 1879 quafi
541 1816 857 1878 sapientissimi
889 1816 1041 1863 delirii
1077 1834 1207 1865 reum
1233 1820 1458 1865 excusan-

165 1881 248 1947 do,
274 1889 549 1936 accusaviffe
570 1907 580 1935 ε
609 1907 779 1954 nempe
799 1891 929 1955 quod
949 1890 1084 1936 satius
1110 1891 1265 1939 fuiffet
1285 1894 1460 1953 Pytha-

170 1979 338 2024 goram
363 1961 542 2010 frivolae
582 1962 811 2026 ejusmodi
844 1963 1165 2020 accusationis,
1214 1980 1261 2012 et
1298 1965 1460 2012 defen-

170 2035 307 2082 fionis
356 2037 495 2099 culpa
543 2039 669 2098 apud
726 2055 836 2083 eum
883 2054 1035 2083 carere
1082 2038 1262 2100 prorsus
1307 2040 1456 2086 omni.

172 2113 480 2176 Qamquam
507 2110 546 2156 ei
572 2112 762 2173 quidem
789 2112 1042 2158 consultius
1067 2113 1125 2159 de
1163 2114 1462 2177 Hippocrate

172 2185 329 2231 aftum
351 2184 431 2240 est,
459 2200 567 2231 cum
588 2185 771 2240 cuneta,
797 2201 903 2248 quae
916 2185 974 2231 de
992 2185 1463 2249 dierumimparitati-

172 2259 252 2305 bus
270 2272 315 2304 et
333 2257 586 2321 septimana
616 2258 810 2322 periodo
829 2275 885 2305 ex
908 2259 1215 2323 Hippocratis
1241 2259 1464 2309 sententia

175 2330 581 2389 circumferuntur,
613 2335 766 2379 Lunae
788 2333 991 2380 motibus
1016 2347 1062 2380 et
1079 2334 1461 2382 conversionibus

175 2407 403 2454 tribuisset
419 2430 431 2461 ς
459 2425 602 2471 quam
629 2421 785 2454 tamen
807 2407 889 2453 ase
900 2411 1089 2470 primum
1105 2411 1326 2456 inventam
1339 2413 1463 2457 veri-

175 2491 324 2537 tatem,
377 2491 581 2544 quantum
618 2480 778 2526 homini
812 2480 927 2536 licet,
972 2483 1317 2545 Hippocratem
1357 2496 1465 2529 ante

177 2571 286 2601 eum
299 2555 588 2617 cognoviffe,
605 2554 800 2616 vulgare
819 2568 976 2603 autem
992 2556 1297 2610 Medicorum
1316 2572 1464 2619 genus

179 2648 285 2682 eam
309 2630 592 2691 subticuisse,
619 2629 917 2685 existimavit.

1260 2773 1309 2825 ΕΡ
1346 2773 1468 2835 Qae
