1932 3319
387 303 481 341 102
617 288 733 338 DE
791 287 975 335 VIT.
1036 284 1424 335 PERIOD.

387 424 588 487 pretium
609 422 791 470 sibimet
810 437 952 470 omne
985 419 1293 466 vindicarent.
1345 419 1504 480 Qam
1522 412 1679 461 erudi-

387 498 495 545 endi
521 498 566 545 in
592 497 841 547 Medicina
865 511 1078 545 normam
1096 495 1276 540 utinam
1294 492 1558 554 complures
1575 489 1680 552 post

388 587 497 618 eum
526 570 797 617 tenuissent:
837 586 927 615 non
954 569 990 615 is
1010 567 1183 614 infirmi
1211 562 1406 627 alicujus
1431 563 1553 609 lecto
1573 561 1681 609 asti—

387 642 461 699 tit,
480 645 560 706 qui
582 643 709 690 rubri
727 642 948 705 serpentis
964 641 1110 689 oculis
1136 638 1315 687 obversi
1335 635 1552 700 adspectu
1569 651 1675 697 per-

389 715 591 772 territus,
639 732 749 762 mox
769 714 1008 778 copiosam
1034 712 1261 777 epistasim
1287 711 1615 757 adventantem
1640 706 1682 753 ei

388 789 747 849 praenunciaret,
794 803 847 834 ut
873 788 1118 834 instantem
1144 787 1181 833 is
1206 784 1368 832 crisem
1391 780 1680 845 praenoscens

387 860 589 907 multam
627 862 797 907 exinde
823 861 904 907 fibi
928 859 1334 914 existimationem,
1360 855 1540 904 caeteris
1566 868 1681 901 vero

387 933 601 979 Medicis
626 934 882 980 ridentibus
920 919 978 979 de
1021 934 1146 982 clam
1186 932 1392 993 surrepto
1432 927 1556 984 vase,
1588 941 1684 990 quo
1746 925 1749 928 ’

387 1005 672 1052 effluxurum
711 1006 984 1068 sanguinem
1042 1006 1296 1067 exciperet,
1353 1001 1682 1055 obbrobrium,

386 1076 675 1137 postremum
702 1091 901 1140 pareret:
944 1078 1074 1142 quod
1099 1078 1292 1140 quidem
1311 1075 1517 1123 Galenus
1536 1072 1680 1119 viditz

387 1149 714 1213 Hippocrates
734 1169 845 1199 vero
863 1165 942 1198 aut
961 1168 1053 1198 non
1075 1152 1213 1207 vidit,
1256 1164 1335 1197 aut
1359 1148 1590 1213 praeterire
1614 1147 1683 1194 sa-

388 1222 481 1270 tius
505 1224 639 1272 duxit
658 1229 691 1271 ².
735 1227 914 1273 Verum
935 1242 1156 1289 namque,
1177 1226 1210 1273 fi
1233 1224 1348 1289 quid
1371 1239 1600 1287 umquam
1626 1223 1685 1271 ad

388 1295 552 1357 segnes
573 1298 619 1343 in
647 1298 893 1345 Medicina
917 1299 1196 1362 progreffus,
1231 1297 1359 1361 quod
1383 1296 1685 1343 lamentabile

388 1369 470 1425 est,
513 1370 725 1425 contulit,
765 1388 821 1417 ex
855 1371 974 1434 saepe
1010 1371 1203 1434 prolatis
1229 1369 1546 1416 consimilium
1574 1385 1683 1432 Ροτ-Α

390 1455 628 1489 tentorum
647 1442 858 1498 historiis,
881 1459 974 1488 non
996 1441 1244 1488 minimam
1271 1438 1479 1503 profecto
1501 1454 1685 1504 partem

391 1513 580 1569 accidit,
619 1528 672 1560 ut
697 1514 727 1560 fi
753 1514 905 1560 minus
947 1513 1197 1580 aliquando
1222 1513 1357 1576 plura
1398 1512 1564 1576 scripta
1606 1512 1684 1559 fu-

392 1586 539 1644 iffent,
564 1588 698 1651 plura
721 1588 874 1634 minus
892 1588 1062 1652 pariter
1081 1587 1325 1635 scribenda
1343 1586 1678 1651 superfuiffent.

458 1732 505 1780 6.
545 1735 890 1796 Qamobrem,
928 1735 959 1781 fi
993 1751 1098 1799 quae
1123 1747 1375 1781 moventur
1414 1734 1472 1781 de
1499 1732 1684 1780 crisium

388 1805 572 1854 defectu
611 1825 636 1853 a
669 1809 853 1870 nuperis
875 1809 1165 1871 quaestiones,
1213 1809 1300 1864 hae,
1345 1807 1591 1871 plusquam
1625 1808 1683 1854 ad

392 1879 758 1943 Hippocratem,
802 1883 1032 1944 pertinent
1065 1883 1121 1929 ad
1158 1899 1210 1929 ea
1246 1898 1353 1947 quae
1393 1881 1450 1928 de
1492 1882 1684 1928 crifibus

393 1955 600 2001 Galenus
639 1956 895 2018 evulgavit,
940 1956 1231 2020 potiffimum
1275 1957 1321 2002 in
1363 1956 1448 2012 his,
1491 1973 1598 2020 quae
1625 1957 1682 2003 ad

394 2027 560 2074 criseos
583 2028 710 2089 signa
727 2042 771 2074 et
793 2030 1042 2092 apparendi
1060 2031 1257 2077 modum
1281 2029 1512 2092 spectant,
1540 2031 1684 2076 altera

393 2115 508 2146 vero
534 2099 801 2162 quaestionis
826 2118 951 2164 pars,
988 2119 1133 2166 quam
1167 2103 1213 2148 in
1237 2116 1484 2165 utramque
1506 2116 1684 2166 partem

394 2173 590 2233 agitant,
627 2174 687 2220 de
721 2176 994 2222 morborum
1050 2177 1267 2225 videlicet
1309 2176 1531 2240 periodis,
1566 2193 1684 2224 con-

394 2237 620 2302 stantique
658 2257 822 2288 eorum
857 2243 984 2305 apud
1020 2260 1120 2301 nos,
1157 2243 1363 2290 fimiliter
1388 2256 1527 2307 atque
1553 2244 1683 2307 Hip-

393 2315 596 2376 pocratis
636 2329 792 2374 aetate,
829 2316 1017 2376 inceffu,
1071 2332 1119 2366 et
1158 2318 1348 2376 finibus,
1384 2320 1490 2383 plus
1528 2319 1681 2367 adhuc

429 2516 446 2535 ’ἱ
467 2518 615 2557 Similes
635 2532 760 2560 tamen
775 2524 946 2563 instantis
976 2526 1114 2564 criseos
1142 2527 1373 2578 apparentiae
1392 2527 1474 2566 aliis
1494 2529 1604 2579 plane
1622 2540 1685 2564 ex-

387 2579 521 2629 emplis
540 2581 824 2620 confirmantur.
879 2586 1040 2636 Insignis
1077 2587 1117 2624 in
1138 2587 1333 2625 Medicina
1351 2588 1563 2634 Lommius‚
1599 2600 1687 2624 cum

387 2650 501 2676 acuto
520 2640 652 2676 morbo
671 2641 935 2692 laboransjam
955 2659 1045 2683 mox
1077 2645 1205 2683 critice
1237 2647 1440 2685 sudaturus
1469 2647 1568 2692 effet,
1592 2646 1627 2682 se
1646 2644 1686 2686 in

387 2699 481 2738 inari
502 2699 640 2741 versari
666 2700 886 2749 somniabat,
915 2718 1061 2756 perque
1081 2706 1199 2749 undas
1218 2708 1383 2747 natando
1404 2706 1547 2757 vagari.

1556 2766 1678 2821 diffi.
