1975 3343
1243 263 1474 340 [me]

155 400 312 457 fortio
337 401 539 474 primus
562 400 806 467 restituit,
827 401 1091 475 suumque
1109 400 1192 456 his
1212 403 1478 475 judicium

125 547 128 552 ,
154 491 401 563 praeclare
421 492 684 564 adjunxit.
715 494 834 544 Nec
857 504 994 545 certe
1015 493 1270 564 ejusmodi
1296 513 1475 547 rerum

151 580 426 647 memoria,
458 595 714 655 perpetuo
742 601 854 634 non
879 582 1167 653 auspicato,
1214 582 1474 636 interval.-

150 669 269 722 latis
290 671 617 742 temporibus
664 671 720 724 in
741 672 876 724 Arte
903 682 1211 725 renovatur.
1278 676 1473 740 Quan-

148 768 269 810 tum
296 759 492 813 etenim
511 780 584 813 eze
611 779 709 825 re5‚
734 778 848 812 non
871 759 1048 812 adhuc
1071 759 1296 812 fortaffis
1319 759 1474 814 sana*

149 849 358 904 biliores
375 853 588 905 morbos
607 851 856 915 efficiant,
885 851 1031 922 quod
1049 850 1234 903 saltem
1255 850 1475 924 plurimi

150 941 439 1008 affirmant,
468 944 524 996 in
563 945 614 997 id
657 956 841 997 tamen
877 943 1105 996 maxime
1143 944 1360 1014 juvant,
1412 956 1476 998 ut

151 1032 412 1105 quidquid
454 1033 509 1086 in
537 1037 671 1087 Arte
709 1033 1008 1098 didicinmS‚
1054 1035 1174 1105 plus
1203 1034 1477 1106 perspicue

150 1123 323 1174 alieno
341 1125 541 1194 judicio
568 1109 748 1196 prosit,
782 1146 957 1197 neque
988 1126 1185 1177 necesse
1208 1126 1288 1191 sit,
1312 1126 1475 1180 nimi-

150 1231 247 1264 um
285 1212 414 1264 adeo
451 1213 591 1266 inter
618 1233 885 1267 aerumnas
923 1226 974 1266 et
1013 1214 1264 1285 pericula,
1305 1214 1474 1269 seram

151 1299 301 1360 Artis
314 1300 673 1371 cognitionem
693 1299 918 1353 differre.
938 1301 1107 1353 Aliud
1125 1320 1360 1372 namque
1377 1321 1474 1356 cu-

152 1408 265 1442 rare
291 1388 382 1453 est,
404 1389 547 1442 aliud
565 1389 692 1442 alios
714 1391 945 1454 edocere,
967 1400 1030 1441 ut
1046 1390 1104 1442 hi
1132 1389 1366 1445 similiter
1382 1411 1475 1465 ap-

78 1517 84 1521 .
150 1475 316 1546 posite
344 1485 563 1540 curent3
594 1474 754 1547 iique,
794 1474 828 1527 si
858 1474 970 1526 fieri
995 1474 1184 1545 potest,
1217 1494 1339 1546 quae
1360 1495 1475 1529 non

152 1564 330 1617 adhuc
353 1575 648 1636 patuerunt
673 1563 894 1617 sanandi
922 1564 1040 1629 viae,
1080 1564 1335 1634 ejusmodi
1361 1547 1512 1619 stu-⁰

149 1652 245 1706 diis
272 1672 459 1706 eorum
485 1654 647 1724 spem,
687 1665 739 1706 et
776 1653 988 1727 ingenia
1015 1653 1342 1722 foventibUS,
1391 1676 1474 1710 re-

152 1755 377 1815 periant.

224 1914 404 1964 XXX.
445 1913 644 1963 Verum
679 1931 899 1982 namque
934 1932 1049 1964 cum
1080 1913 1247 1964 omnis
1268 1912 1476 1968 sanandi

148 2002 293 2065 ratiO,
319 1999 577 2069 temporis,
615 2015 662 2052 et
688 2002 896 2053 remedii
924 2003 1321 2070 opportunitate,
1370 2015 1475 2052 tota

149 2091 356 2155 constet,
372 2092 501 2142 valet
522 2092 658 2142 enim
679 2093 989 2159 temporibus
1007 2092 1285 2154 Medicina,
1307 2103 1354 2142 et
1373 2091 1475 2142 sola

150 2202 261 2252 quae
279 2197 506 2251 tempore
525 2183 723 2246 dantur,
742 2184 1120 2234 Medicamenta
1137 2182 1330 2246 sanaim
1365 2202 1475 2233 rur..

149 2273 324 2342 susque
352 2293 468 2324 cum
495 2272 821 2324 Medicorum
847 2273 1216 2341 praedic'tiones,
1257 2273 1359 2325 fere
1400 2275 1477 2325 di·-

149 2365 324 2414 vinam
358 2364 495 2414 Artis
535 2364 711 2415 nostrae
752 2377 963 2432 partem,
1003 2383 1179 2415 omnes
1220 2364 1272 2414 in
1318 2366 1478 2416 Occa-

151 2452 308 2517 fione,
369 2453 570 2522 ejusque
630 2454 846 2518 scientia,
906 2454 1201 2517 fundentur,
1270 2467 1477 2524 totaque

155 2545 272 2607 Ars,
299 2544 369 2594 nil
410 2542 499 2594 nisi
544 2543 890 2612 sapientiffima
918 2545 1211 2611 Hominum
1256 2547 1478 2612 pruden-

150 2634 220 2686 tia
263 2634 338 2701 fit,
378 2637 432 2687 in
473 2635 524 2688 id
551 2655 715 2691 unum
756 2637 1129 2691 elucubratione
1173 2638 1266 2689 hac
1312 2638 1479 2690 nostra

1253 2726 1478 2780 colline-
