1932 3319
510 277 879 327 AEGROT.
939 277 1055 326 ET
1115 278 1312 326 SAN.
1485 295 1550 342 39

253 397 325 444 cia
348 396 573 461 pleraque
592 398 868 446 morborum
894 414 1083 460 genera,
1118 412 1225 461 quae
1244 396 1325 444 sub
1347 397 1436 443 fine
1454 397 1546 445 diei

250 470 418 532 primae
446 470 787 534 subjunximus.
860 472 1113 536 Sequentia
1148 488 1205 518 ex
1248 472 1547 536 Hippocrate

252 544 346 591 huc
366 544 505 592 facile
527 546 748 609 speetant.

321 708 360 740 1.
399 692 489 740 Coi
513 693 654 750 soror,
691 693 748 739 ad
770 692 904 740 instar
928 692 1095 757 splenis
1121 693 1548 757 intumescenteJ'e-

249 781 359 814 core
377 767 502 814 obiit
526 766 731 814 secunda
762 767 839 815 die
857 777 897 816 4.

327 931 373 964 2.
409 917 753 981 Androphanes
769 916 850 963 diu
877 933 988 963 cum
1012 916 1236 981 pertinaci
1256 917 1425 965 morbo
1444 918 1550 964 luc-

248 1000 393 1047 tatus,
455 992 644 1039 tandem
677 992 830 1039 hieme
875 992 1127 1041 decubuit:
1191 1006 1347 1039 mente
1395 1006 1552 1038 motus

250 1065 316 1113 est
337 1084 348 1112 t
376 1084 470 1114 vox
493 1069 913 1133 peripneumonica
935 1086 946 1114 ε
979 1068 1183 1116 secunda
1202 1082 1281 1118 aut
1307 1069 1444 1116 tertia
1464 1068 1550 1114 de-

252 1142 442 1189 cubitus
466 1143 544 1191 die.
568 1144 688 1191 obiit
704 1146 736 1191 ⁵.

318 1299 365 1345 3.
406 1285 538 1333 Crito
563 1285 609 1331 in
634 1283 794 1332 Thaso
819 1297 1033 1331 mortuus
1058 1284 1122 1330 est
1157 1300 1181 1330 a
1205 1284 1440 1348 principio
1479 1285 1548 1332 se-

252 1358 407 1404 cunda
431 1358 506 1405 die
525 1357 560 1404 ⁶.

315 1523 365 1565 4.
402 1504 675 1555 Lariffaeam
696 1522 975 1570 puerperam
1001 1503 1147 1554 febris
1172 1506 1359 1553 duobus
1383 1507 1551 1555 diebus

252 1597 305 1628 ac
325 1579 528 1629 totidem
549 1580 764 1628 noetibus
785 1582 979 1629 tenuit'.

319 1746 364 1795 5.
403 1732 649 1779 Antander
681 1748 707 1778 a
741 1733 1092 1780 medicamento
1117 1745 1333 1796 accepto,
1377 1744 1546 1781 caetera,

251 1804 382 1851 sanus
407 1819 535 1852 erat:
580 1805 625 1851 in
651 1805 890 1868 posterum
910 1806 1035 1852 diem
1057 1804 1374 1869 strangulatio,
1401 1818 1446 1850 et
1465 1805 1547 1851 de-

249 1881 473 1944 speratio:
513 1879 730 1944 postridie
755 1899 866 1929 vero
886 1882 1110 1943 egerebat
1130 1883 1338 1928 multum
1351 1893 1397 1928 et
1421 1881 1549 1943 post·

251 1971 306 2000 ea
330 1952 632 2016 sanguinem:
683 1968 729 2001 et
754 1970 971 2003 mortuus
999 1954 1109 2002 est‘.

295 2150 313 2171 -4
341 2146 456 2197 Epicl.
485 2145 574 2183 Lib.
595 2146 648 2187 Π.
664 2148 755 2198 fist.
778 2146 817 2184 ii.

298 2210 311 2232 ³
342 2208 456 2258 Epid.
478 2208 679 2258 VILJetz.
702 2207 741 2247 ii.
772 2220 857 2246 text.
878 2210 941 2258 48.
987 2206 1218 2255 Consimilis,
1248 2216 1284 2244 et
1314 2205 1446 2244 eadem
1481 2205 1555 2244 for·

244 2264 338 2303 taffis
358 2264 513 2303 historia
533 2277 637 2304 extat
656 2267 697 2305 in
716 2268 830 2319 Epid.
847 2268 900 2305 V.

296 2326 312 2347 ⁶
342 2327 458 2379 Epid.
480 2327 618 2377 Lfic‘l.
639 2326 692 2364 iii.
720 2329 837 2378 AEgr.
858 2327 911 2365 ix.

299 2394 313 2416 ⁷
345 2391 459 2441 Epid.
475 2391 527 2427 V.
559 2400 647 2427 text.
669 2389 724 2426 xi.

300 2450 314 2471 Β
345 2451 458 2501 Epid.
490 2449 576 2486 Lib.
597 2449 662 2487 cit.
693 2448 821 2498 Hujus
842 2447 999 2500 quidem
1017 2448 1207 2486 incertum
1227 2445 1278 2485 est
1292 2460 1341 2484 an
1361 2446 1408 2484 ad
1426 2446 1555 2485 secun-

243 2511 300 2549 dae
317 2521 382 2546 aut
402 2509 522 2547 tertiae
551 2509 625 2548 diei
642 2509 790 2560 judicia
816 2510 897 2561 ejus
918 2524 1017 2548 mors
1038 2510 1245 2561 pertineat:
1277 2509 1437 2547 Confer.
1468 2522 1557 2560 quae

243 2572 290 2609 de
310 2568 405 2608 Bilis
425 2580 543 2616 motu,
573 2569 686 2607 tertia
706 2569 844 2622 quavis
864 2569 938 2618 die,
969 2584 1017 2609 ex
1037 2571 1226 2609 Veterum
1246 2568 1419 2608 do&rina
1444 2566 1558 2616 scrip-

248 2634 361 2688 simus
382 2630 421 2669 in
441 2631 527 2670 Lib.
548 2629 602 2670 Π.

819 2748 936 2821 D4
1355 2736 1553 2791 DIES
