1932 3319
406 238 472 299 46
644 240 760 288 DE
817 239 1453 288 VIT.PERIOD‚

470 360 542 407 N.
584 362 824 425 Qartum
849 359 994 415 diem,
1034 373 1082 406 et
1118 372 1392 423 quartanam
1434 357 1703 420 periodum,

407 447 513 482 ante
538 435 861 490 undecimam,
905 433 1080 480 criticis
1105 433 1296 495 proprio
1321 431 1400 478 suo
1418 430 1525 494 jure
1550 432 1705 478 circu·

404 508 549 555 itibus
591 526 740 572 nuper
778 507 1018 570 ablegavit
1060 508 1122 554 G.
1162 506 1335 552 Cullen
1358 508 1418 550 ¹²:
1459 506 1708 552 tertianam

405 582 634 646 siquidem
654 582 905 645 periodum
932 581 978 627 in
1004 579 1150 627 acutis
1177 580 1224 626 in
1242 579 1543 626 undecimam
1562 579 1708 642 usque
1756 632 1762 636 ,

406 657 534 704 diem
553 656 969 720 valerejudicavit,
996 654 1095 719 post
1112 654 1415 701 undecimam
1436 669 1544 700 vere
1568 669 1710 717 quar-

406 744 526 778 tanae
551 732 711 778 locum
736 731 855 790 dari,
883 731 1079 778 tertiana
1108 731 1309 796 jamque
1335 731 1568 776 abeunte:
1603 743 1710 774 eam

406 807 470 853 ob
496 806 697 864 causam,
725 824 832 870 quae
857 808 1116 870 allegantur
1133 807 1268 872 hujus
1286 804 1594 869 dieijudicia,
1614 819 1710 850 cae·

407 881 520 928 teris
552 880 763 927 accenset
799 881 1073 929 morborum
1115 880 1553 944 irregularitatibus,
1589 894 1710 942 qua·
1740 916 1743 918 .

408 971 515 1002 rum
540 954 660 1001 ratio
701 954 781 1001 vix
807 956 1073 1020 quidquam
1099 957 1145 1003 in
1189 958 1328 1003 statos
1355 954 1615 1001 Medicinae
1631 968 1710 998 ca-

342 1031 346 1035 ’
407 1046 555 1075 nones
597 1031 763 1076 cadere
804 1033 969 1093 potest.
1042 1033 1265 1078 Proxime
1313 1048 1423 1078 cum
1448 1030 1711 1076 Edimbur-

407 1103 532 1166 gensi
559 1103 754 1150 Medico
790 1103 903 1150 facit
943 1106 1115 1152 Galeni
1153 1104 1406 1165 judicium,
1459 1103 1540 1166 qui
1572 1103 1712 1150 tertio

409 1193 601 1243 quoque
643 1179 719 1225 die
751 1182 1031 1228 acceffiones
1064 1180 1110 1226 in
1143 1181 1309 1238 acutis,
1370 1179 1417 1227 in
1459 1177 1711 1235 chronicis,

408 1270 522 1301 vero
568 1254 645 1299 vel
681 1253 911 1317 quotidie,
965 1254 1041 1300 vel
1082 1267 1252 1317 quarto
1281 1259 1482 1318 fquoque
1536 1251 1613 1299 die
1655 1253 1712 1299 fi-

409 1327 476 1373 eri
551 1327 743 1390 scripsit,
814 1326 1074 1390 cujusmodi
1144 1327 1187 1374 se
1258 1329 1491 1375 rationem
1540 1325 1713 1374 nescire

407 1402 717 1466 profitebatur
746 1405 796 1447 ¹³.
859 1404 967 1465 Ego
1004 1419 1116 1450 vero
1165 1418 1275 1450 cum
1328 1403 1513 1449 nullum
1547 1415 1714 1449 natura

408 1479 486 1526 sua
524 1478 712 1541 proprie
765 1478 1008 1526 acriticum
1046 1478 1193 1535 diem,
1248 1492 1481 1542 quantum
1515 1477 1710 1542 quidem

410 1569 467 1599 ex
522 1552 840 1615 Hippocrate,
894 1554 1192 1616 aliorumque
1245 1552 1559 1600 Medicorum
1612 1551 1712 1597 lec-

411 1625 555 1682 tione,
647 1639 694 1672 et
751 1625 1150 1673 observationibus
1210 1625 1407 1689 profeci,
1482 1626 1714 1672 incurrere

412 1701 641 1756 censeam,
691 1717 775 1746 cur
868 1715 1012 1748 uartae
1045 1701 1228 1765 judicia
1274 1701 1594 1764 repudiarem,
1641 1701 1708 1746 nil

409 1776 673 1840 quidquam
714 1778 914 1838 repperi.
1019 1778 1142 1823 Eam
1189 1776 1404 1840 profecto
1455 1777 1574 1824 inter
1615 1776 1711 1822 cri-

410 1855 526 1899 ticas
547 1850 907 1905 observabilem,
949 1850 1069 1897 dixit
1097 1850 1214 1897 inter
1237 1866 1430 1899 caeteros
1452 1852 1532 1901 Fr.
1560 1850 1713 1899 Hoff-

412 1941 632 1982 mannus,
681 1921 870 1987 ejusque
915 1923 1051 1971 crises
1101 1924 1147 1971 in
1196 1924 1441 1972 sanitatem
1487 1938 1533 1971 et
1581 1917 1712 1972 mor‘-

414 2012 510 2045 tem
537 1998 794 2044 desinentes
821 1998 1103 2045 memoravit
1128 1999 1343 2046 Forestus
1356 2002 1405 2046 ¹⁴.
1486 1999 1714 2046 Similiter

414 2089 473 2119 ex
523 2072 621 2119 lxiii
664 2071 1022 2135 aegrotantibus,
1072 2090 1274 2136 quorum
1316 2074 1361 2120 in
1419 2073 1713 2137 Epidemicis
1782 2122 1785 2125 .

405 2144 587 2210 judicia
634 2159 679 2192 et
717 2146 910 2192 morbos
955 2163 1103 2210 nuper
1136 2147 1397 2210 percensuit
1437 2148 1513 2194 Cl.
1563 2149 1712 2212 Pecq,

415 2220 458 2265 la
479 2220 732 2275 Cloture¹⁵,
757 2233 924 2283 quarto
945 2220 1022 2266 die
1048 2237 1210 2267 eorum
1243 2221 1568 2284 octojudicati
1589 2222 1710 2270 sunt.

415 2291 645 2340 Praeterea
669 2310 1002 2357 puerperarum
1027 2294 1166 2341 febris
1207 2294 1254 2341 in
1296 2295 1415 2342 hanc
1458 2295 1713 2359 aliquando

463 2446 496 2464 ¹2
525 2443 655 2479 Prac‘l.
673 2443 720 2490 tf
738 2441 845 2492 Plgis.
866 2441 1016 2482 CXXI.

463 2505 495 2528 ¹3
524 2503 586 2540 Dc
604 2501 740 2539 Diebus
754 2502 900 2544 Decret.
928 2504 1016 2541 Lib.
1035 2503 1110 2541 ΠΙ.
1137 2513 1212 2556 cap.
1233 2503 1314 2542 viii.

463 2566 500 2588 ¹4
526 2562 612 2612 Off.
633 2571 669 2598 ct
684 2563 812 2598 Curat.
831 2563 932 2599 ilffed.
954 2563 1066 2603 Roth.

465 2626 496 2648 ¹5
526 2622 615 2658 Coll.
648 2619 773 2670 ‹l'Obs-
792 2622 865 2670 sicr
892 2622 937 2657 les
964 2624 1063 2663 M‘al.
1084 2635 1114 2663 et
1135 2624 1252 2674 Const.
1271 2626 1386 2679 Epid.
1397 2634 1472 2679 par
1485 2627 1547 2665 AI.
1569 2626 1717 2679 Lepecq.

409 2683 470 2720 De
484 2682 520 2719 la
536 2682 626 2723 Clot-
656 2681 796 2727 Rota-n,
836 2682 947 2730 1773.

1586 2745 1714 2793 diem
