1932 3319
454 254 821 303 AEGROT.
881 253 995 301 ET
1056 255 1250 304 SAN.
1392 276 1484 324 149

201 402 304 434 rum
343 387 715 450 paroxismorum
750 381 1033 443 durationes,
1081 387 1348 451 habentque
1380 391 1483 438 uni-

199 462 365 510 versim
390 466 666 511 acceffiones
691 464 847 511 minus
866 464 1184 512 vehementes.

263 621 309 667 9.
336 607 461 654 Cum
494 624 606 654 vero
632 606 922 671 Qotidiana
953 607 1187 653 minorem
1220 605 1485 664 universim,

194 696 339 744 quam
357 683 598 744 Qartana
639 694 719 727 aut
738 681 965 728 Tertiana
986 717 999 737 ,
1019 681 1172 728 morbi
1204 679 1482 726 diuturnita-

194 766 291 799 tem
305 755 578 815 portendat,
601 753 696 816 ejus
712 769 958 818 propterea
978 753 1211 814 insumpta
1232 752 1276 797 in
1294 751 1486 816 lingulis

187 827 460 890 paroxismis
485 841 698 892 tempora
719 830 932 892 longiora
955 828 1070 884 sunt,
1096 844 1359 892 parumque
1393 844 1479 875 no·

189 902 324 949 tabili
340 906 658 951 acceffionum
680 917 793 967 typo
816 903 1196 967 przenuntiantur.

271 1056 345 1091 10.
383 1042 544 1091 Febris
582 1055 824 1104 praeterea,
871 1055 918 1089 et
957 1042 1171 1106 apirexiae
1218 1042 1478 1100 intervalla,

188 1117 376 1180 propria
398 1134 504 1180 quae
528 1117 667 1164 semel
703 1117 1048 1181 acquislverunt
1076 1130 1304 1181 tempora,
1337 1133 1477 1180 regu·-

187 1189 326 1237 latim
363 1189 561 1247 servant,
602 1180 748 1255 eaque
792 1191 988 1253 integris
1031 1191 1286 1254 aliquando
1313 1191 1478 1240 diebus

190 1263 413 1311 constant.
486 1268 649 1330 Qam
696 1264 836 1310 etiam
863 1265 1211 1327 regularitatem
1249 1282 1340 1312 non
1378 1281 1481 1314 raro

188 1338 546 1387 intermittentes
585 1339 735 1386 febres
779 1340 971 1394 servant,
1020 1339 1051 1385 fi
1099 1339 1290 1402 quando
1330 1354 1479 1389 novus

188 1428 301 1459 cum
338 1414 428 1459 illis
473 1413 780 1458 admisceatur
819 1414 1025 1468 morbus,
1075 1412 1321 1476 nullusque
1377 1429 1478 1459 am-

185 1486 311 1550 plius
337 1487 519 1534 liberali
544 1485 793 1533 remissioni
819 1488 872 1533 fit
896 1487 1045 1534 locus.
1109 1487 1248 1533 Statis
1275 1504 1477 1551 namque

185 1563 328 1619 horis,
363 1563 535 1626 quibus
583 1565 824 1627 Qartana
869 1564 944 1609 vel
991 1564 1217 1610 Tertiana
1262 1565 1478 1626 ingruere

186 1639 411 1695 solebant,
438 1655 596 1684 earum
623 1640 899 1685 accessiones
920 1654 1012 1684 non
1036 1637 1289 1684 intermiffo
1313 1640 1478 1687 ordine

184 1716 397 1769 redeunt,
424 1713 487 1759 nil
514 1712 776 1776 quidquam
803 1729 828 1758 a
853 1728 991 1770 nova,
1013 1729 1157 1776 quam
1181 1711 1478 1775 conjunctam

185 1788 378 1843 habent,
427 1787 704 1849 aegritudine
758 1787 1035 1841 immutatae,
1093 1787 1222 1849 quod
1271 1789 1475 1851 exempli

185 1878 331 1924 genus
377 1860 649 1907 Swietenius
691 1859 838 1906 dedit.
910 1859 1003 1914 Sic,
1042 1875 1184 1921 quam
1227 1859 1271 1904 in
1298 1861 1474 1907 adoles-

189 1948 326 1982 cente
383 1933 494 1988 vidi,
529 1932 852 1980 methastatica
890 1932 1291 1993 peripneumonia,
1339 1932 1472 1995 cujus

186 2007 460 2057 incrementi
491 2007 610 2052 ratio
638 2023 760 2068 pone
786 2005 993 2051 tertianae
1013 2004 1152 2050 febris
1179 2007 1471 2064 acceffiones,

185 2098 234 2132 et
269 2082 579 2127 accessionum
616 2080 748 2125 horas
790 2078 1079 2141 sequebatur,
1119 2094 1226 2124 eum
1270 2094 1474 2142 namque

186 2156 243 2203 ab
271 2152 403 2199 initio
435 2151 630 2199 tertiana
669 2149 808 2197 febris
843 2151 1143 2213 corripuerat,
1186 2150 1350 2214 quinta
1380 2154 1471 2210 die,

185 2232 298 2277 hora
322 2227 539 2273 consueta
575 2224 837 2271 acceffionis
861 2225 1069 2271 tertianae
1093 2222 1234 2271 febris
1266 2224 1468 2284 labente,

187 2316 352 2349 necem
377 2296 633 2362 portendit.

255 2459 274 2488 1
290 2457 305 2487 1
321 2476 331 2488 .
371 2440 657 2500 Plerumque
682 2448 838 2482 tamen
864 2435 1051 2497 quando
1070 2435 1378 2484 intermittens
1399 2437 1468 2485 fe-

187 2515 280 2561 bris
306 2511 503 2558 vertitur
527 2511 571 2556 in
605 2509 756 2572 pejus,
792 2508 993 2569 regulari
1019 2509 1224 2572 quadam
1262 2511 1473 2574 progres-

189 2589 314 2637 sione
340 2587 391 2632 fit
417 2584 641 2647 ejusmodi
672 2582 918 2637 transitus;
959 2584 1085 2645 quod
1110 2600 1257 2646 nuper
1274 2584 1474 2646 diligen-

186 2664 352 2717 tissime
378 2679 404 2709 a
429 2660 649 2709 Cullenio
681 2658 958 2709 adnotatum
979 2658 1057 2707 est.
1131 2660 1322 2720 Nempe
1345 2659 1471 2719 quod

698 2734 744 2783 L
780 2748 809 2795 3
1215 2734 1475 2793 (Qartanse
