1932 3319
482 265 541 298 10
690 235 803 298 DE
861 214 1495 303 V1†.PER10D.

471 368 654 417 erudite
691 369 896 434 scripsit:
946 386 1028 418 nos
1073 373 1422 437 Hippocratem
1456 373 1581 439 sequi
1608 376 1761 423 malu-

469 460 576 492 mus
600 461 656 492 eo
679 445 885 492 maxime
905 445 1042 503 libro,
1079 447 1161 511 qui
1180 448 1238 494 de
1249 446 1638 511 judicationibuS,
1665 450 1758 499 five
1827 450 1829 453 ’

469 521 660 568 crisibus
707 520 1005 569 inscribitur:
1065 522 1148 586 qui
1187 522 1304 570 liber
1341 524 1422 571 etsi
1466 523 1661 572 fortaffis
1700 526 1758 573 ad

468 596 822 661 Hippocratem
862 597 984 644 haud
1015 598 1165 644 omnis
1184 599 1412 661 pertineat
1430 602 1465 656 ¹,
1497 600 1651 647 omnis
1675 613 1750 648 ta-

465 685 577 718 men
613 687 669 718 ex
693 672 823 734 gravi
859 672 937 720 Cl.
977 673 1190 738 virorum
1228 675 1419 722 censura
1441 674 1756 738 Hippocrati-

468 759 574 792 cam
594 746 854 794 doctrinam
879 748 1108 795 continet.

531 895 578 941 3.
616 881 941 941 Judicationes
968 882 1142 945 itaque,
1168 881 1260 929 five
1280 880 1430 940 cristes,
1472 882 1763 930 mutationes-

463 954 762 1020 quascunque
810 957 856 1003 in
888 957 1060 1004 morbis
1109 957 1379 1021 conspicuas
1421 958 1755 1021 complectun-

463 1042 536 1074 tur
557 1046 568 1074 :
631 1030 722 1077 five
747 1032 821 1077 hae
852 1032 898 1078 in
924 1031 1092 1078 melius
1117 1032 1209 1078 five
1235 1031 1281 1078 in
1314 1032 1515 1079 deterius
1538 1044 1760 1095 vergant,

458 1102 672 1167 utrasque
729 1105 986 1168 designant.
1081 1106 1339 1154 Sanitatem
1392 1106 1566 1169 pariter
1612 1119 1754 1169 atque

461 1191 665 1225 mortem
713 1178 935 1228 inferunt.
1007 1181 1118 1226 Hac
1162 1181 1337 1227 ratione
1390 1179 1542 1226 febres
1582 1179 1758 1228 eisdem

459 1268 657 1299 numero
702 1253 870 1300 diebus
925 1252 1216 1316 judicantur,
1280 1252 1456 1317 quibus
1498 1253 1757 1316 superstites

460 1327 668 1374 evadunt
709 1325 944 1384 homines,
1006 1340 1053 1374 et
1101 1326 1348 1374 intereunt.
1433 1325 1571 1373 Alibi
1611 1327 1756 1375 etiam

466 1402 787 1465 Hippocrates
812 1402 978 1450 criseos
1002 1402 1290 1449 vocabulum
1322 1401 1380 1449 ad
1412 1400 1751 1464 designandum

458 1490 647 1537 partum
668 1475 899 1523 convertit
921 1493 930 1522 ε
971 1474 1230 1539 cujusmodi
1250 1476 1446 1522 effatum
1463 1475 1669 1538 apposite
1693 1477 1742 1524 in
1769 1506 1778 1515 ·

455 1550 589 1596 suum
625 1550 852 1598 transtulit
875 1552 1166 1613 nuperrimus
1191 1550 1396 1596 auctor&
1467 1549 1560 1595 Sed
1583 1563 1629 1596 et
1647 1552 1742 1598 offa

458 1642 514 1671 ex
542 1625 769 1674 chronicis
805 1626 1040 1673 ulceribus
1068 1625 1345 1689 prodeuntia
1386 1623 1542 1672 crifim
1579 1624 1749 1672 inferre

461 1701 498 1746 is
523 1701 657 1748 dixit.

524 1869 571 1908 4.
611 1850 689 1897 Est
716 1850 857 1913 igitur
892 1851 1033 1906 crisis,
1072 1848 1238 1913 judice
1280 1848 1596 1911 Hippocrate,
1631 1865 1745 1896 con-

457 1926 599 1974 verfio
618 1927 767 1972 morbi
793 1928 1049 1989 quaelubet,
1086 1942 1194 1989 quae
1225 1924 1301 1972 seu
1330 1925 1549 1971 morbum
1574 1939 1743 1982 mutet,

453 2002 529 2047 vel
553 2003 747 2050 omnino
786 2003 946 2048 finiat:
986 2001 1049 2047 ita
1089 2014 1243 2047 tamen
1285 2013 1338 2046 ut
1375 2017 1431 2047 eo
1456 1998 1745 2063 potiffimum

457 2078 648 2123 nomine
676 2078 721 2122 hi
767 2077 1041 2123 morborum
1081 2076 1290 2122 transitus
1317 2074 1653 2138 intelligantur,
1698 2076 1746 2123 in

453 2154 620 2217 quibus
635 2150 844 2218 σξυςξσπος
858 2148 1072 2216 μεταὲολη
1090 2152 1313 2212 repentina
1329 2153 1512 2197 mutatio
1528 2151 1742 2213 quaedam,-

452 2242 496 2274 et
528 2226 705 2289 aliquid
730 2227 917 2289 proprie
935 2225 1151 2291 ωξιολογον
1169 2223 1301 2285 effatu
1319 2224 1491 2286 dignum
1509 2228 1737 2287 exaegro‘-

500 2421 509 2437 ¹
541 2417 597 2453 Ex
615 2416 869 2467 Prognosticis‚
903 2416 1051 2468 aliisque
1072 2414 1238 2467 genuinis
1258 2413 1496 2466 Hippocratis
1515 2412 1631 2461 libris,
1659 2427 1746 2453 con-

444 2478 661 2515 zarcinamm
690 2490 776 2513 euni
792 2475 971 2524 judicavit
982 2477 1153 2515 Foefius:
1185 2489 1305 2527 neque
1322 2473 1476 2513 fortassis
1497 2475 1638 2526 integer
1649 2473 1744 2512 liber

440 2538 502 2582 eii,
531 2550 650 2587 neque
671 2536 848 2573 motiano
869 2547 1108 2574 memoratur.

489 2606 505 2624 2
534 2597 1016 2636 L’Aaonclwm‘nt—-Voila
1035 2614 1097 2635 uite
1116 2601 1228 2647 image
1237 2597 1404 2646 parjfizlte
1432 2595 1473 2632 de
1500 2596 1538 2632 la
1555 2596 1655 2645 crg‘se.
1684 2592 1745 2631 De¹

438 2663 549 2697 Saura.
574 2658 695 2710 Nrffol.
725 2658 841 2695 flffctlu
861 2659 928 2697 IX.
959 2658 1096 2697 Similia
1126 2664 1253 2694 extant
1277 2655 1379 2707 apud
1404 2655 1675 2707 Hippocratem
1704 2652 1741 2691 in'

440 2726 603 2762 Praenof.
1639 2766 1648 2774 .

1536 2779 1736 2817 tantmm
