1932 3319
392 280 764 332 AEGROT.
821 277 948 329 ET
1008 280 1202 330 SAN.
1365 285 1450 333 161

161 414 289 462 nulla
310 413 454 463 levari
470 428 655 480 poterat
677 433 688 463 ι
718 415 869 464 donec
885 411 1204 463 Boerhaavius
1225 411 1454 465 infantem

163 499 317 535 totum
357 475 512 537 cora⁰m
555 491 597 537 se
676 489 866 536 enudari
890 486 1084 552 jubens,
1132 502 1227 550 quo
1267 500 1453 536 externa.

158 560 319 607 omnia
337 563 461 610 illius
486 564 630 628 probe
655 563 963 627 perlustraret,
1000 561 1227 607 aniculam
1267 563 1452 623 corpori

161 632 354 682 infixam
379 637 756 701 deprehenderet,
783 652 888 700 quae
913 634 1005 682 sola
1033 634 1144 681 tanti
1169 633 1318 680 fuerat
1341 636 1454 683 mali

159 709 350 756 cauffa:
411 709 672 773 cujusmodi
721 709 1037 757 consimilibus
1085 707 1312 771 exemplis
1359 708 1454 756 late

161 779 329 826 referta
354 782 418 828 est
454 784 641 829 medica
676 782 863 829 historia
888 782 1056 828 omnis.
1126 782 1303 844 Neque
1344 798 1455 830 cum

155 851 384 899 materiali
414 846 603 918 proprio
627 855 838 914 morbzfico
878 853 1110 917 principio
1151 851 1183 901 ii
1223 853 1452 919 conjungi

155 921 302 971 solent
326 927 499 983 morbi,
532 929 613 991 qui
651 929 709 974 ab
743 928 973 974 invalente
1013 925 1361 985 consuetudine,
1403 941 1452 977 et

155 996 332 1044 eximia
355 999 627 1056 voluntatis„
671 1013 718 1047 et
768 997 1047 1046 imitationis
1077 998 1303 1062 potestate
1335 1016 1450 1065 pro-

162 1068 452 1119 ficiscuntur.

231 1230 305 1264 ιι.
344 1218 519 1264 Annon
556 1214 702 1281 igitur
745 1216 923 1266 constat
963 1216 1213 1280 aliquando
1255 1217 1451 1267 morbus

156 1285 253 1335 solo
287 1291 561 1338 Fluidorum
598 1292 734 1348 vitio,
773 1304 851 1338 aut
890 1290 1029 1337 unica
1047 1290 1200 1336 Solidi
1225 1290 1447 1339 laefione?

162 1361 397 1426 Principio
418 1365 617 1429 quidem
641 1365 851 1428 primum
887 1364 935 1410 in
972 1363 1145 1410 morbis
1172 1363 1448 1411 incitamen-

157 1447 260 1481 tum
284 1437 336 1482 fit
362 1436 613 1499 aliquando
638 1437 697 1482 ab
723 1450 887 1482 eorum
913 1434 1137 1482 alterutro
1169 1435 1409 1499 separatim
1432 1452 1446 1482 :

158 1509 235 1556 sed
251 1508 449 1573 jamque
471 1496 563 1557 ’sub
603 1509 698 1573 ipso
736 1509 981 1557 exorientis
1005 1510 1295 1573 aegritudinis
1322 1509 1446 1556 lirni-

156 1598 232 1639 ne,
265 1583 479 1631 Solidum
505 1599 614 1630 cum
641 1584 828 1639 Fluido,
871 1596 916 1630 et
933 1583 1150 1640 viciffim,
1181 1583 1441 1647 conjurant,

156 1658 432 1722 alteriusque
466 1659 523 1706 ab
555 1659 700 1706 altero
736 1675 826 1723 ope
850 1656 1116 1722 impetrata,
1161 1658 1445 1705 Fluidorum

153 1729 321 1778 vitium
342 1732 614 1779 Solidorum
643 1731 873 1778 a&ionem
889 1730 1089 1787 invertit,
1110 1742 1156 1777 et
1179 1730 1322 1786 laedit,
1350 1730 1440 1776 So·-

156 1802 456 1867 lidorumque
496 1803 773 1852 labefaftata
809 1803 880 1852 vis
895 1803 1068 1852 Fluida
1090 1801 1300 1851 similiter
1335 1818 1443 1849 cor-

160 1877 357 1941 rumpit.

233 2041 308 2072 12.
345 2026 538 2090 Proprie
563 2027 705 2090 igitur
739 2026 892 2073 nullus
917 2024 1008 2072 slne
1033 2023 1227 2072 materia
1250 2024 1443 2074 morbus

156 2099 252 2153 est5
294 2115 496 2162 namque
520 2113 746 2163 perpetuo
786 2100 833 2145 in
871 2116 962 2146 non
998 2098 1174 2146 sanitati
1202 2098 1441 2146 consenta-

160 2190 245 2221 nea
271 2173 542 2222 Solidorum
568 2175 766 2231 afflone,
786 2191 1046 2237 numquam
1065 2174 1204 2222 etiam
1222 2175 1442 2222 humores

158 2249 370 2296 sanorum
391 2248 557 2296 ssmiles
582 2262 735 2298 erunt.
804 2247 1043 2312 Ejusmodi
1075 2262 1251 2304 tamen,
1292 2264 1438 2312 quam

158 2335 349 2386 propter
373 2321 500 2368 suam
525 2323 570 2369 in
596 2338 784 2385 corpore
808 2322 1138 2376 mobilitatem,
1174 2321 1436 2378 morbificam

160 2392 402 2442 materiem
425 2407 612 2459 recepto
636 2393 827 2443 nomine
850 2393 1072 2451 dicimus,
1096 2391 1188 2441 five
1211 2389 1265 2440 fit
1284 2393 1438 2457 prima

159 2483 240 2531 per
260 2465 303 2512 se
326 2467 476 2513 morbi
502 2468 666 2524 caussa,
693 2467 767 2514 seu
792 2466 1075 2514 consentiens
1104 2466 1313 2522 effeetus,
1352 2484 1435 2514 ne-

161 2555 256 2603 que
291 2538 497 2586 similiter
526 2540 703 2604 semper
740 2539 786 2585 in
820 2539 973 2587 morbi
997 2539 1187 2587 decursu
1214 2539 1437 2588 immuta·-

162 2628 254 2671 tur‚
291 2629 440 2678 neque
465 2614 634 2661 eodem
660 2613 838 2678 semper
855 2614 1016 2675 modo,
1040 2626 1245 2663 vertente
1270 2614 1439 2661 criseos

163 2690 371 2756 periodo,
395 2691 661 2755 expellitur.

807 2756 867 2806 M
964 2829 972 2835 Ι
1188 2773 1205 2804 1
1217 2773 1262 2818 3.
1290 2757 1446 2806 Chro-
