<?xml version="1.0" encoding="UTF-8"?>
<!DOCTYPE html PUBLIC "-//W3C//DTD XHTML 1.0 Transitional//EN"
    "http://www.w3.org/TR/xhtml1/DTD/xhtml1-transitional.dtd">
<html xmlns="http://www.w3.org/1999/xhtml" xml:lang="en" lang="en">
 <head>
  <title>
</title>
<meta http-equiv="Content-Type" content="text/html;charset=utf-8" />
  <meta name='ocr-system' content='tesseract 3.04.00' />
  <meta name='ocr-capabilities' content='ocr_page ocr_carea ocr_par ocr_line ocrx_word'/>
</head>
<body>
  <div class='ocr_page' id='page_1' title='image "./devitalibusperio01testuoft_0153.png"; bbox 0 0 1932 3319; ppageno 0'>
   <div class='ocr_carea' id='block_1_1' title="bbox 517 228 1556 310">
    <p class='ocr_par' dir='ltr' id='par_1_1' title="bbox 517 228 1556 310">
     <span class='ocr_line' id='line_1_1' title="bbox 517 228 1556 310; baseline 0.001 -20"><span class='ocrx_word' id='word_1_1' title='bbox 517 228 1065 292; x_wconf 82' lang='lat' dir='ltr'>AEGRoT.ET</span> <span class='ocrx_word' id='word_1_2' title='bbox 1125 242 1322 291; x_wconf 83' lang='lat' dir='ltr'><strong>SAN.</strong></span> <span class='ocrx_word' id='word_1_3' title='bbox 1493 258 1556 310; x_wconf 79' lang='lat'>93</span> 
     </span>
    </p>
   </div>
   <div class='ocr_carea' id='block_1_2' title="bbox 336 360 1643 427">
    <p class='ocr_par' dir='ltr' id='par_1_2' title="bbox 336 360 1643 427">
     <span class='ocr_line' id='line_1_2' title="bbox 336 360 1643 427; baseline 0.001 -17"><span class='ocrx_word' id='word_1_4' title='bbox 336 377 379 410; x_wconf 91' lang='lat'>1.</span> <span class='ocrx_word' id='word_1_5' title='bbox 417 361 652 426; x_wconf 75' lang='lat' dir='ltr'>Epicratis</span> <span class='ocrx_word' id='word_1_6' title='bbox 673 363 827 419; x_wconf 87' lang='lat' dir='ltr'>Uxor,</span> <span class='ocrx_word' id='word_1_7' title='bbox 870 361 1075 409; x_wconf 86' lang='lat' dir='ltr'>recidiva</span> <span class='ocrx_word' id='word_1_8' title='bbox 1117 379 1142 408; x_wconf 89' lang='lat' dir='ltr'>a</span> <span class='ocrx_word' id='word_1_9' title='bbox 1172 360 1356 425; x_wconf 84' lang='lat' dir='ltr'>judicio</span> <span class='ocrx_word' id='word_1_10' title='bbox 1374 364 1560 427; x_wconf 81' lang='lat' dir='ltr'>Vigesi-</span> <span class='ocrx_word' id='word_1_11' title='bbox 1640 412 1643 416; x_wconf 74' lang='grc'>,</span> 
     </span>
    </p>
   </div>
   <div class='ocr_carea' id='block_1_3' title="bbox 261 436 1564 648">
    <p class='ocr_par' dir='ltr' id='par_1_3' title="bbox 261 436 1564 648">
     <span class='ocr_line' id='line_1_3' title="bbox 264 436 1564 500; baseline 0.001 -15"><span class='ocrx_word' id='word_1_12' title='bbox 264 452 357 485; x_wconf 84' lang='lat' dir='ltr'>mae</span> <span class='ocrx_word' id='word_1_13' title='bbox 403 436 627 499; x_wconf 83' lang='lat' dir='ltr'>septimae,</span> <span class='ocrx_word' id='word_1_14' title='bbox 679 436 802 484; x_wconf 91' lang='lat' dir='ltr'>circa</span> <span class='ocrx_word' id='word_1_15' title='bbox 841 437 1133 500; x_wconf 81' lang='lat' dir='ltr'>trigefimam</span> <span class='ocrx_word' id='word_1_16' title='bbox 1171 449 1388 499; x_wconf 83' lang='lat' dir='ltr'>quartam</span> <span class='ocrx_word' id='word_1_17' title='bbox 1434 439 1564 487; x_wconf 86' lang='lat' dir='ltr'>diem</span> 
     </span>
     <span class='ocr_line' id='line_1_4' title="bbox 262 509 1563 575; baseline 0.002 -18"><span class='ocrx_word' id='word_1_18' title='bbox 262 509 414 557; x_wconf 83' lang='lat' dir='ltr'>rursus</span> <span class='ocrx_word' id='word_1_19' title='bbox 441 510 570 557; x_wconf 82' lang='lat' dir='ltr'>febre</span> <span class='ocrx_word' id='word_1_20' title='bbox 611 524 823 573; x_wconf 88' lang='lat' dir='ltr'>correpta</span> <span class='ocrx_word' id='word_1_21' title='bbox 847 512 933 557; x_wconf 88' lang='lat' dir='ltr'>est:</span> <span class='ocrx_word' id='word_1_22' title='bbox 983 511 1338 575; x_wconf 78' lang='lat' dir='ltr'>quadragesima</span> <span class='ocrx_word' id='word_1_23' title='bbox 1374 514 1563 560; x_wconf 79' lang='lat' dir='ltr'>vomuit</span> 
     </span>
     <span class='ocr_line' id='line_1_5' title="bbox 261 582 1020 648; baseline 0.001 -18"><span class='ocrx_word' id='word_1_24' title='bbox 261 599 413 648; x_wconf 84' lang='lat' dir='ltr'>pauca</span> <span class='ocrx_word' id='word_1_25' title='bbox 438 582 628 630; x_wconf 82' lang='lat' dir='ltr'>biliosa:</span> <span class='ocrx_word' id='word_1_26' title='bbox 670 582 882 646; x_wconf 88' lang='lat' dir='ltr'>judicata</span> <span class='ocrx_word' id='word_1_27' title='bbox 899 587 918 609; x_wconf 73' lang='lat'><strong>⁴</strong></span> <span class='ocrx_word' id='word_1_28' title='bbox 942 583 1020 631; x_wconf 90' lang='lat' dir='ltr'>est.</span> 
     </span>
    </p>
   </div>
   <div class='ocr_carea' id='block_1_4' title="bbox 256 730 1602 1018">
    <p class='ocr_par' dir='ltr' id='par_1_4' title="bbox 256 730 1602 1018">
     <span class='ocr_line' id='line_1_6' title="bbox 334 730 1564 794; baseline 0.002 -18"><span class='ocrx_word' id='word_1_29' title='bbox 334 744 379 777; x_wconf 84' lang='lat'>2.</span> <span class='ocrx_word' id='word_1_30' title='bbox 419 730 519 794; x_wconf 73' lang='lat' dir='ltr'>Qui</span> <span class='ocrx_word' id='word_1_31' title='bbox 560 730 878 777; x_wconf 85' lang='lat' dir='ltr'>decumbebat</span> <span class='ocrx_word' id='word_1_32' title='bbox 914 730 961 777; x_wconf 88' lang='lat' dir='ltr'>in</span> <span class='ocrx_word' id='word_1_33' title='bbox 989 731 1123 779; x_wconf 89' lang='lat' dir='ltr'>horto</span> <span class='ocrx_word' id='word_1_34' title='bbox 1146 731 1358 788; x_wconf 86' lang='lat' dir='ltr'>Dealcis,</span> <span class='ocrx_word' id='word_1_35' title='bbox 1394 730 1564 778; x_wconf 85' lang='lat' dir='ltr'>recidi-</span> 
     </span>
     <span class='ocr_line' id='line_1_7' title="bbox 263 805 1602 870; baseline 0.001 -18"><span class='ocrx_word' id='word_1_36' title='bbox 263 822 351 852; x_wconf 90' lang='lat' dir='ltr'>vus</span> <span class='ocrx_word' id='word_1_37' title='bbox 377 806 435 852; x_wconf 91' lang='lat' dir='ltr'>ab</span> <span class='ocrx_word' id='word_1_38' title='bbox 458 805 745 853; x_wconf 85' lang='lat' dir='ltr'>Undecimae</span> <span class='ocrx_word' id='word_1_39' title='bbox 761 805 965 868; x_wconf 87' lang='lat' dir='ltr'>judiciO,</span> <span class='ocrx_word' id='word_1_40' title='bbox 1005 808 1204 857; x_wconf 88' lang='lat' dir='ltr'>Decima</span> <span class='ocrx_word' id='word_1_41' title='bbox 1227 821 1392 870; x_wconf 87' lang='lat' dir='ltr'>quarta</span> <span class='ocrx_word' id='word_1_42' title='bbox 1415 808 1566 854; x_wconf 81' lang='lat' dir='ltr'>rursus</span> <span class='ocrx_word' id='word_1_43' title='bbox 1600 813 1602 816; x_wconf 79' lang='grc'>’</span> 
     </span>
     <span class='ocr_line' id='line_1_8' title="bbox 261 879 1566 943; baseline 0.002 -18"><span class='ocrx_word' id='word_1_44' title='bbox 261 879 515 941; x_wconf 84' lang='lat' dir='ltr'>aegrotavit</span> <span class='ocrx_word' id='word_1_45' title='bbox 537 896 548 925; x_wconf 90' lang='lat'>:</span> <span class='ocrx_word' id='word_1_46' title='bbox 578 879 950 942; x_wconf 80' lang='lat' dir='ltr'>Qladragefima</span> <span class='ocrx_word' id='word_1_47' title='bbox 970 881 1128 943; x_wconf 82' lang='lat' dir='ltr'>egessit</span> <span class='ocrx_word' id='word_1_48' title='bbox 1148 879 1398 943; x_wconf 84' lang='lat' dir='ltr'>pituitosa:</span> <span class='ocrx_word' id='word_1_49' title='bbox 1433 881 1566 928; x_wconf 89' lang='lat' dir='ltr'>suda-</span> 
     </span>
     <span class='ocr_line' id='line_1_9' title="bbox 256 952 996 1018; baseline 0.004 -18"><span class='ocrx_word' id='word_1_50' title='bbox 256 953 366 1002; x_wconf 62' lang='lat' dir='ltr'>‘vitt</span> <span class='ocrx_word' id='word_1_51' title='bbox 408 952 643 1016; x_wconf 81' lang='lat' dir='ltr'>judicatus</span> <span class='ocrx_word' id='word_1_52' title='bbox 663 954 727 1001; x_wconf 91' lang='lat' dir='ltr'>est</span> <span class='ocrx_word' id='word_1_53' title='bbox 742 955 947 1018; x_wconf 61' lang='lat' dir='ltr'>perfecte</span> <span class='ocrx_word' id='word_1_54' title='bbox 963 959 996 1003; x_wconf 78' lang='lat'>⁵.</span> 
     </span>
    </p>
   </div>
   <div class='ocr_carea' id='block_1_5' title="bbox 263 1099 1567 1298">
    <p class='ocr_par' dir='ltr' id='par_1_5' title="bbox 263 1099 1567 1298">
     <span class='ocr_line' id='line_1_10' title="bbox 332 1099 1567 1165; baseline 0.001 -19"><span class='ocrx_word' id='word_1_55' title='bbox 332 1116 378 1163; x_wconf 83' lang='lat'>3.</span> <span class='ocrx_word' id='word_1_56' title='bbox 417 1101 580 1148; x_wconf 85' lang='lat' dir='ltr'>Parius</span> <span class='ocrx_word' id='word_1_57' title='bbox 634 1101 678 1147; x_wconf 91' lang='lat' dir='ltr'>in</span> <span class='ocrx_word' id='word_1_58' title='bbox 717 1101 892 1158; x_wconf 86' lang='lat' dir='ltr'>Thaso,</span> <span class='ocrx_word' id='word_1_59' title='bbox 947 1102 1124 1164; x_wconf 86' lang='lat' dir='ltr'>pluries</span> <span class='ocrx_word' id='word_1_60' title='bbox 1148 1099 1405 1163; x_wconf 84' lang='lat' dir='ltr'>judicatus,</span> <span class='ocrx_word' id='word_1_61' title='bbox 1448 1117 1567 1165; x_wconf 80' lang='lat' dir='ltr'>qua-</span> 
     </span>
     <span class='ocr_line' id='line_1_11' title="bbox 264 1174 1564 1237; baseline 0.003 -17"><span class='ocrx_word' id='word_1_62' title='bbox 264 1174 525 1237; x_wconf 81' lang='lat' dir='ltr'>dragesima</span> <span class='ocrx_word' id='word_1_63' title='bbox 549 1174 626 1221; x_wconf 91' lang='lat' dir='ltr'>die</span> <span class='ocrx_word' id='word_1_64' title='bbox 659 1176 753 1222; x_wconf 87' lang='lat' dir='ltr'>fine</span> <span class='ocrx_word' id='word_1_65' title='bbox 776 1174 903 1224; x_wconf 81' lang='lat' dir='ltr'>febre</span> <span class='ocrx_word' id='word_1_66' title='bbox 929 1174 1045 1222; x_wconf 86' lang='lat' dir='ltr'>fuit:</span> <span class='ocrx_word' id='word_1_67' title='bbox 1096 1176 1265 1223; x_wconf 86' lang='lat' dir='ltr'>recidit</span> <span class='ocrx_word' id='word_1_68' title='bbox 1285 1188 1444 1223; x_wconf 87' lang='lat' dir='ltr'>tamen</span> <span class='ocrx_word' id='word_1_69' title='bbox 1479 1177 1564 1224; x_wconf 88' lang='lat' dir='ltr'>ad-</span> 
     </span>
     <span class='ocr_line' id='line_1_12' title="bbox 263 1249 727 1298; baseline 0.004 -2"><span class='ocrx_word' id='word_1_70' title='bbox 263 1251 358 1296; x_wconf 89' lang='lat' dir='ltr'>huc</span> <span class='ocrx_word' id='word_1_71' title='bbox 380 1251 428 1297; x_wconf 89' lang='lat' dir='ltr'>in</span> <span class='ocrx_word' id='word_1_72' title='bbox 455 1250 675 1298; x_wconf 89' lang='lat' dir='ltr'>morbum</span> <span class='ocrx_word' id='word_1_73' title='bbox 692 1249 727 1298; x_wconf 82' lang='lat'>⁶.</span> 
     </span>
    </p>
   </div>
   <div class='ocr_carea' id='block_1_6' title="bbox 264 1394 1567 1534">
    <p class='ocr_par' dir='ltr' id='par_1_6' title="bbox 264 1394 1567 1534">
     <span class='ocr_line' id='line_1_13' title="bbox 328 1394 1567 1459; baseline 0.004 -17"><span class='ocrx_word' id='word_1_74' title='bbox 328 1408 379 1454; x_wconf 69' lang='lat'>42</span> <span class='ocrx_word' id='word_1_75' title='bbox 429 1394 636 1450; x_wconf 87' lang='lat' dir='ltr'>Metoni,</span> <span class='ocrx_word' id='word_1_76' title='bbox 669 1396 729 1442; x_wconf 88' lang='lat' dir='ltr'>ab</span> <span class='ocrx_word' id='word_1_77' title='bbox 749 1395 884 1441; x_wconf 89' lang='lat' dir='ltr'>initio</span> <span class='ocrx_word' id='word_1_78' title='bbox 905 1396 1075 1451; x_wconf 84' lang='lat' dir='ltr'>morbi,</span> <span class='ocrx_word' id='word_1_79' title='bbox 1101 1397 1454 1459; x_wconf 77' lang='lat' dir='ltr'>quadragesima</span> <span class='ocrx_word' id='word_1_80' title='bbox 1473 1399 1567 1457; x_wconf 84' lang='lat' dir='ltr'>die,</span> 
     </span>
     <span class='ocr_line' id='line_1_14' title="bbox 264 1468 1319 1534; baseline 0.003 -20"><span class='ocrx_word' id='word_1_81' title='bbox 264 1468 403 1515; x_wconf 87' lang='lat' dir='ltr'>tertia</span> <span class='ocrx_word' id='word_1_82' title='bbox 422 1484 448 1515; x_wconf 86' lang='lat' dir='ltr'>a</span> <span class='ocrx_word' id='word_1_83' title='bbox 473 1468 821 1516; x_wconf 89' lang='lat' dir='ltr'>medicamento</span> <span class='ocrx_word' id='word_1_84' title='bbox 846 1469 976 1527; x_wconf 86' lang='lat' dir='ltr'>dato,</span> <span class='ocrx_word' id='word_1_85' title='bbox 1014 1487 1103 1534; x_wconf 87' lang='lat' dir='ltr'>pus</span> <span class='ocrx_word' id='word_1_86' title='bbox 1130 1471 1285 1534; x_wconf 84' lang='lat' dir='ltr'>erupit</span> <span class='ocrx_word' id='word_1_87' title='bbox 1302 1474 1319 1526; x_wconf 58' lang='grc' dir='ltr'>Ἰ,</span> 
     </span>
    </p>
   </div>
   <div class='ocr_carea' id='block_1_7' title="bbox 264 1619 1567 1816">
    <p class='ocr_par' dir='ltr' id='par_1_7' title="bbox 264 1619 1567 1816">
     <span class='ocr_line' id='line_1_15' title="bbox 326 1619 1566 1685; baseline 0.004 -17"><span class='ocrx_word' id='word_1_88' title='bbox 326 1621 359 1684; x_wconf 99' lang='lat'>5</span> <span class='ocrx_word' id='word_1_89' title='bbox 398 1619 684 1677; x_wconf 63' lang='lat' dir='ltr'>Cleonae&#39;tis‚</span> <span class='ocrx_word' id='word_1_90' title='bbox 731 1620 1092 1685; x_wconf 71' lang='lat' dir='ltr'>quadragesima</span> <span class='ocrx_word' id='word_1_91' title='bbox 1139 1621 1214 1667; x_wconf 86' lang='lat' dir='ltr'>die</span> <span class='ocrx_word' id='word_1_92' title='bbox 1253 1622 1424 1670; x_wconf 85' lang='lat' dir='ltr'>minxit</span> <span class='ocrx_word' id='word_1_93' title='bbox 1459 1625 1566 1673; x_wconf 89' lang='lat' dir='ltr'>sub-</span> 
     </span>
     <span class='ocr_line' id='line_1_16' title="bbox 264 1694 1567 1751; baseline 0.005 -10"><span class='ocrx_word' id='word_1_94' title='bbox 264 1695 421 1751; x_wconf 86' lang='lat' dir='ltr'>rubra,</span> <span class='ocrx_word' id='word_1_95' title='bbox 454 1694 770 1742; x_wconf 86' lang='lat' dir='ltr'>sedimentum</span> <span class='ocrx_word' id='word_1_96' title='bbox 791 1696 998 1742; x_wconf 76' lang='lat' dir='ltr'>multum</span> <span class='ocrx_word' id='word_1_97' title='bbox 1017 1695 1296 1743; x_wconf 81' lang='lat' dir='ltr'>subrubrum</span> <span class='ocrx_word' id='word_1_98' title='bbox 1317 1698 1567 1747; x_wconf 83' lang='lat' dir='ltr'>habentia:</span> 
     </span>
     <span class='ocr_line' id='line_1_17' title="bbox 265 1767 665 1816; baseline 0.005 -2"><span class='ocrx_word' id='word_1_99' title='bbox 265 1767 531 1816; x_wconf 89' lang='lat' dir='ltr'>sublevatus</span> <span class='ocrx_word' id='word_1_100' title='bbox 555 1769 619 1816; x_wconf 89' lang='lat' dir='ltr'>est</span> <span class='ocrx_word' id='word_1_101' title='bbox 635 1768 665 1816; x_wconf 76' lang='lat'>⁸.</span> 
     </span>
    </p>
   </div>
   <div class='ocr_carea' id='block_1_8' title="bbox 266 1919 1573 2058">
    <p class='ocr_par' dir='ltr' id='par_1_8' title="bbox 266 1919 1573 2058">
     <span class='ocr_line' id='line_1_18' title="bbox 334 1919 1573 1985; baseline 0 -18"><span class='ocrx_word' id='word_1_102' title='bbox 334 1919 383 1968; x_wconf 87' lang='lat'>6.</span> <span class='ocrx_word' id='word_1_103' title='bbox 429 1920 484 1968; x_wconf 91' lang='lat' dir='ltr'>In</span> <span class='ocrx_word' id='word_1_104' title='bbox 530 1920 725 1977; x_wconf 72' lang='lat' dir='ltr'>Larissa,</span> <span class='ocrx_word' id='word_1_105' title='bbox 765 1921 960 1984; x_wconf 73' lang='lat' dir='ltr'>Gorgiae</span> <span class='ocrx_word' id='word_1_106' title='bbox 1000 1920 1174 1978; x_wconf 81' lang='lat' dir='ltr'>Uxori,</span> <span class='ocrx_word' id='word_1_107' title='bbox 1214 1920 1573 1985; x_wconf 74' lang='lat' dir='ltr'>quadragesima</span> 
     </span>
     <span class='ocr_line' id='line_1_19' title="bbox 266 1993 939 2058; baseline 0.003 -18"><span class='ocrx_word' id='word_1_108' title='bbox 266 1993 345 2041; x_wconf 88' lang='lat' dir='ltr'>die</span> <span class='ocrx_word' id='word_1_109' title='bbox 368 1994 690 2058; x_wconf 84' lang='lat' dir='ltr'>superfoetatio</span> <span class='ocrx_word' id='word_1_110' title='bbox 715 1996 939 2043; x_wconf 80' lang='lat' dir='ltr'>excidit⁹.</span> 
     </span>
    </p>
   </div>
   <div class='ocr_carea' id='block_1_9' title="bbox 314 2223 973 2593">
    <p class='ocr_par' dir='ltr' id='par_1_9' title="bbox 314 2223 973 2339">
     <span class='ocr_line' id='line_1_20' title="bbox 314 2223 973 2279; baseline 0.005 -17"><span class='ocrx_word' id='word_1_111' title='bbox 314 2228 334 2251; x_wconf 77' lang='lat'>⁴</span> <span class='ocrx_word' id='word_1_112' title='bbox 361 2223 480 2263; x_wconf 86' lang='lat' dir='ltr'>Conf.</span> <span class='ocrx_word' id='word_1_113' title='bbox 500 2227 618 2279; x_wconf 79' lang='lat' dir='ltr'>AEgr.</span> <span class='ocrx_word' id='word_1_114' title='bbox 636 2225 661 2265; x_wconf 82' lang='lat' dir='ltr'>i.</span> <span class='ocrx_word' id='word_1_115' title='bbox 687 2228 780 2264; x_wconf 72' lang='lat' dir='ltr'>Diei</span> <span class='ocrx_word' id='word_1_116' title='bbox 798 2226 973 2266; x_wconf 81' lang='lat' dir='ltr'>XXVII.</span> 
     </span>
     <span class='ocr_line' id='line_1_21' title="bbox 316 2285 897 2339; baseline 0.003 -17"><span class='ocrx_word' id='word_1_117' title='bbox 316 2290 330 2312; x_wconf 79' lang='lat'>5</span> <span class='ocrx_word' id='word_1_118' title='bbox 361 2285 480 2324; x_wconf 90' lang='lat' dir='ltr'>Conf.</span> <span class='ocrx_word' id='word_1_119' title='bbox 510 2288 625 2339; x_wconf 82' lang='lat' dir='ltr'>AEgr.</span> <span class='ocrx_word' id='word_1_120' title='bbox 646 2300 685 2324; x_wconf 87' lang='lat' dir='ltr'>v.</span> <span class='ocrx_word' id='word_1_121' title='bbox 714 2288 806 2324; x_wconf 75' lang='lat' dir='ltr'>Diei</span> <span class='ocrx_word' id='word_1_122' title='bbox 825 2288 897 2324; x_wconf 90' lang='lat' dir='ltr'>XI.</span> 
     </span>
    </p>

    <p class='ocr_par' dir='ltr' id='par_1_10' title="bbox 315 2345 950 2466">
     <span class='ocr_line' id='line_1_22' title="bbox 315 2345 950 2399; baseline 0 -15"><span class='ocrx_word' id='word_1_123' title='bbox 315 2345 334 2368; x_wconf 83' lang='lat'><strong>⁶</strong></span> <span class='ocrx_word' id='word_1_124' title='bbox 362 2347 476 2398; x_wconf 78' lang='lat' dir='ltr'>Epid.</span> <span class='ocrx_word' id='word_1_125' title='bbox 496 2347 573 2386; x_wconf 91' lang='lat' dir='ltr'>III.</span> <span class='ocrx_word' id='word_1_126' title='bbox 590 2350 681 2398; x_wconf 62' lang='lat' dir='ltr'>st’ft&#39;,</span> <span class='ocrx_word' id='word_1_127' title='bbox 702 2346 755 2385; x_wconf 86' lang='lat' dir='ltr'>iii.</span> <span class='ocrx_word' id='word_1_128' title='bbox 785 2350 900 2399; x_wconf 76' lang='lat' dir='ltr'>AEgr.</span> <span class='ocrx_word' id='word_1_129' title='bbox 921 2347 950 2384; x_wconf 85' lang='lat' dir='ltr'>i.</span> 
     </span>
     <span class='ocr_line' id='line_1_23' title="bbox 315 2414 746 2466; baseline 0 -15"><span class='ocrx_word' id='word_1_130' title='bbox 315 2416 334 2440; x_wconf 78' lang='lat'>⁷</span> <span class='ocrx_word' id='word_1_131' title='bbox 363 2414 477 2465; x_wconf 75' lang='lat' dir='ltr'>Epid.</span> <span class='ocrx_word' id='word_1_132' title='bbox 497 2414 591 2452; x_wconf 88' lang='lat' dir='ltr'><strong>VII.</strong></span> <span class='ocrx_word' id='word_1_133' title='bbox 609 2417 690 2466; x_wconf 62' lang='lat' dir='ltr'>fib?</span> <span class='ocrx_word' id='word_1_134' title='bbox 707 2415 746 2452; x_wconf 81' lang='lat' dir='ltr'>ii.</span> 
     </span>
    </p>

    <p class='ocr_par' dir='ltr' id='par_1_11' title="bbox 316 2479 843 2534">
     <span class='ocr_line' id='line_1_24' title="bbox 316 2479 843 2534; baseline 0.009 -18"><span class='ocrx_word' id='word_1_135' title='bbox 316 2479 333 2502; x_wconf 74' lang='lat'><strong>⁸</strong></span> <span class='ocrx_word' id='word_1_136' title='bbox 364 2480 480 2518; x_wconf 86' lang='lat' dir='ltr'>Conf.</span> <span class='ocrx_word' id='word_1_137' title='bbox 498 2484 613 2534; x_wconf 82' lang='lat' dir='ltr'>AEgr.</span> <span class='ocrx_word' id='word_1_138' title='bbox 636 2482 674 2523; x_wconf 80' lang='lat' dir='ltr'>ii.</span> <span class='ocrx_word' id='word_1_139' title='bbox 703 2484 794 2520; x_wconf 64' lang='lat' dir='ltr'>Diei</span> <span class='ocrx_word' id='word_1_140' title='bbox 811 2482 843 2521; x_wconf 58' lang='lat' dir='ltr'>I„</span> 
     </span>
    </p>

    <p class='ocr_par' dir='ltr' id='par_1_12' title="bbox 314 2541 560 2593">
     <span class='ocr_line' id='line_1_25' title="bbox 314 2541 560 2593; baseline 0.008 -15"><span class='ocrx_word' id='word_1_141' title='bbox 314 2543 335 2567; x_wconf 84' lang='lat'><strong>⁹</strong></span> <span class='ocrx_word' id='word_1_142' title='bbox 363 2541 479 2593; x_wconf 84' lang='lat' dir='ltr'><em>Epid.</em></span> <span class='ocrx_word' id='word_1_143' title='bbox 507 2541 560 2580; x_wconf 80' lang='lat' dir='ltr'>V.</span> 
     </span>
    </p>
   </div>
   <div class='ocr_carea' id='block_1_10' title="bbox 378 2601 1579 2666">
    <p class='ocr_par' dir='ltr' id='par_1_13' title="bbox 378 2601 1579 2666">
     <span class='ocr_line' id='line_1_26' title="bbox 378 2601 1579 2666; baseline -0.01 -5"><span class='ocrx_word' id='word_1_144' title='bbox 378 2621 412 2661; x_wconf 82' lang='lat'>4</span> <span class='ocrx_word' id='word_1_145' title='bbox 1023 2657 1037 2666; x_wconf 15' lang='grc' dir='ltr'>ᾗ,</span> <span class='ocrx_word' id='word_1_146' title='bbox 1061 2643 1145 2657; x_wconf 22' lang='grc' dir='ltr'>ἢ,</span> <span class='ocrx_word' id='word_1_147' title='bbox 1394 2615 1445 2662; x_wconf 74' lang='grc'>7.</span> <span class='ocrx_word' id='word_1_148' title='bbox 1482 2601 1579 2649; x_wconf 52' lang='grc' dir='ltr'>ΕΟ»</span> 
     </span>
    </p>
   </div>
  </div>
 </body>
</html>
