1975 3343
1231 225 1267 302 [
1304 230 1381 285 vii
1418 230 1451 308 ]

135 384 386 460 Augusto
408 383 717 459 digniffima
734 382 915 442 laudis
956 380 1267 438 testimonia
1283 383 1450 439 undi-

133 510 246 565 que
277 491 488 556 efferre,
531 512 728 568 magna
764 512 866 569 per
898 495 1189 567 Europam
1225 490 1449 567 pervul-

133 607 257 671 gata
281 597 428 654 fama
454 598 546 655 est.

201 794 583 866 Quamquam,
644 802 708 848 ut
773 791 846 847 ad
894 791 1255 848 scribendum
1305 794 1447 850 libe<-

125 897 227 952 rali
281 919 450 974 quam
506 901 666 977 quod
719 900 908 980 animo
977 900 1278 967 conferrer,
1355 918 1449 957 me

122 1002 475 1064 summorum
514 1008 572 1064 in
603 1012 858 1066 Romana
900 1011 1050 1067 Aula
1095 1011 1446 1087 Principum,

122 1111 282 1169 nullo
312 1136 440 1172 meo
466 1105 686 1183 merito,
726 1119 886 1175 favor
912 1119 1154 1193 impulit,
1182 1119 1257 1174 ob
1273 1135 1448 1192 quem

121 1217 532 1270 invidiofifllma
597 1225 741 1289 saepe
805 1224 1236 1290 oppoituuitatis
1289 1225 1450 1293 copia

123 1323 283 1378 nobis
322 1320 463 1377 faeta
506 1320 599 1376 est.
679 1321 795 1376 Scis
840 1320 1048 1376 etenim
1092 1334 1299 1397 quanta
1346 1344 1450 1382 nos

124 1432 294 1487 animi
321 1430 726 1507 magnitudine,
761 1449 896 1484 cum
929 1429 1307 1505 superioribus
1352 1453 1447 1489 an-

123 1537 207 1593 nis
247 1537 457 1593 Parifiis
490 1556 854 1603 moraremur,
891 1541 1219 1614 complexus
1248 1541 1309 1596 fit
1349 1561 1443 1597 an—

122 1643 452 1719 tiquiffimae,
475 1656 530 1699 et
561 1644 655 1698 vix
681 1663 795 1698 non
829 1647 997 1720 regiae
1023 1648 1220 1722 Stirpis
1263 1652 1442 1705 Orna-

122 1764 378 1808 mentum
398 1756 526 1827 JOS.
556 1754 608 1807 S.
636 1754 702 1807 R.
731 1754 912 1807 ECCL.
940 1754 1328 1810 CARmNALxs
1358 1775 1434 1811 AB

123 1862 354 1922 AURIA,
393 1859 493 1934 qui
540 1880 672 1915 cum
718 1860 894 1915 multa
941 1861 1156 1918 strenue
1210 1868 1438 1920 PONTI-

126 1984 277 2020 F1c1s
324 1965 395 2020 ad
438 1968 1042 2025 CHRISTIANISSIMUM
1073 1974 1296 2026 REGEM
1334 1974 1439 2026 Le-

123 2085 284 2147 gatus
311 2073 552 2146 geffiffet,
579 2076 760 2131 multo
798 2075 839 2130 is
873 2077 1041 2132 etiam
1076 2077 1134 2132 in
1168 2077 1379 2133 honore
1408 2098 1441 2132 a

37 2164 40 2169 ἱ
125 2181 482 2255 Sapientibus
531 2179 676 2234 Viris
723 2181 1089 2251 habituslest:
1151 2203 1319 2257 quam
1362 2184 1439 2239 ob

122 2286 360 2342 caussam
392 2285 607 2361 aliquid
629 2306 727 2342 nos
753 2289 922 2343 etiam
955 2290 1106 2364 apud
1131 2308 1241 2353 eOS,
1269 2290 1434 2344 inter-

123 2393 294 2468 posita
320 2394 436 2468 ejus
470 2394 641 2467 gratia
665 2394 961 2452 valuimus,
1010 2397 1245 2453 Acceffit
1265 2399 1437 2455 etiam

123 2520 322 2575 nuper,
363 2513 426 2555 ut
452 2501 778 2557 Celfiffimus
815 2510 997 2561 URBIS
1041 2509 1338 2563 SENATOR
1382 2520 1437 2584 et

124 2610 179 2664 S.
238 2612 305 2667 R.
353 2612 532 2666 ECCL.
591 2614 970 2669 VEXILLIFER
1033 2616 1138 2671 AB.
1189 2617 1432 2670 REzzo-

715 2738 747 2773 a
786 2739 820 2791 4
942 2741 949 2748 ·
1263 2739 1432 2786 N1C0‚
