1932 3319
460 273 530 338 ⁵8
691 267 810 317 DE
864 267 1502 323 V1⁴T.PER10D.

535 403 595 437 12
630 387 769 437 Alter
791 403 851 435 ex
868 386 958 446 his,
984 388 1068 454 qui
1091 406 1117 438 a
1138 390 1351 440 Leocide
1373 402 1611 451 venerant,
1631 393 1748 460 Sep-

461 463 577 514 tima
589 461 834 529 judicatus
855 461 920 511 est
932 465 990 514 ²⁰.

528 629 605 677 13.
643 615 768 679 Qae
802 625 898 662 erat
937 613 1066 678 apud
1096 613 1397 664 Themenem
1431 613 1650 681 judicata
1683 615 1773 666 est·

459 689 670 754 primum
695 688 891 753 septima
910 686 988 737 die
1005 691 1062 748 ζ’.

525 855 601 899 14.
641 840 894 890 Menandri
917 840 1093 890 vinitor
1115 839 1326 890 fimiliter
1349 838 1435 888 hac
1460 838 1539 889 die
1559 838 1749 906 judica·

452 927 526 965 tus
550 913 613 963 est
626 916 685 964 ²².

524 1078 542 1109 1
553 1075 599 1126 ς.
638 1062 834 1119 Mulier,
870 1063 947 1111 cui
966 1062 1153 1128 sanguis
1176 1063 1329 1128 erupit
1352 1080 1379 1111 a
1401 1064 1590 1113 naribus
1606 1079 1749 1129 quarq

449 1146 513 1193 ta,
555 1149 602 1184 et
624 1135 749 1184 sexta
772 1135 866 1193 die,
912 1136 1108 1201 septima
1139 1136 1355 1200 judicata
1368 1139 1411 1168 ⁸⁸
1433 1137 1512 1185 est.

523 1285 601 1333 16.
637 1284 724 1333 Vir
746 1284 944 1349 quidam
966 1284 1179 1350 Septima
1195 1286 1236 1312 ²⁴
1247 1285 1491 1351 judicatus
1514 1285 1621 1335 fuit.

523 1448 580 1496 17
621 1436 790 1483 Servus
831 1434 879 1481 in
926 1433 1229 1498 Hippolochi
1264 1434 1397 1491 villa,
1431 1434 1558 1483 circa
1587 1421 1743 1500 Septiss

447 1523 577 1554 mam
603 1524 629 1554 a
652 1507 895 1564 decubitu,
938 1523 1049 1554 nam
1088 1519 1137 1554 et
1167 1520 1301 1555 antea
1325 1508 1547 1556 chronico
1570 1508 1747 1556 morbo

446 1596 773 1646 aegrotaverat,
816 1598 990 1648 aquam
1023 1582 1223 1629 multam
1263 1583 1427 1631 bibens
1456 1583 1746 1648 jaCtabatur,

449 1657 832 1712 convellebatur3
878 1657 1115 1704 definente
1136 1656 1450 1715 convulsione,
1493 1658 1608 1706 citra
1641 1657 1745 1706 ani-.

446 1732 816 1780 madverfionem
840 1733 1069 1780 extincstus
1092 1732 1156 1779 est
1172 1734 1226 1782 ⁸⁸.

518 1896 536 1927 1
550 1883 595 1927 8.
633 1880 772 1927 Uxor
786 1879 955 1928 Leschi
975 1877 1114 1943 ejecit
1137 1878 1472 1944 septimestrern
1497 1877 1742 1925 femellam

444 1954 645 2019 septima
668 1955 744 2003 die
761 1954 816 2003 ⁸⁶.

516 2117 534 2149 1
547 2117 594 2165 9.
632 2104 891 2168 Apemanti
911 2096 1066 2161 Uxor,
1091 2100 1305 2167 septima,
1322 2111 1550 2174 quantum
1569 2116 1626 2148 ex
1644 2098 1734 2147 his-

487 2294 523 2314 ²0
551 2295 668 2346 Epid.
680 2296 755 2335 IV·

486 2355 519 2374 ²¹
549 2354 638 2392 Loc.
657 2359 724 2395 cit.

1591 2720 1732 2768 toriae-
