1932 3319
434 271 803 321 AEGROT.
855 271 971 321 ET
1029 276 1225 325 ΒΑΝ.
1382 279 1474 343 163

261 415 336 465 15.
369 403 478 451 Post
504 421 630 469 quae,
659 406 892 454 Morbum
915 406 1163 454 univerfim
1183 408 1373 457 definire
1399 413 1474 459 lu-

190 471 269 520 bet
306 481 338 503 “
374 476 620 534 Motuum,
657 478 826 542 quibus
853 479 963 526 Vita
1008 479 1197 536 constat,
1247 486 1472 532 mutatio-

185 547 221 569 “
245 555 353 586 nem
378 543 435 589 ab
460 544 685 592 incitante
711 546 884 592 alicubi
912 547 1061 593 causta
1083 560 1252 610 praeter
1277 550 1472 598 consue-

181 620 216 642 “
242 614 476 676 tudinem,
509 637 662 684 neque
681 621 977 685 aequabiliter
1000 638 1083 683 per
1100 635 1253 670 totum
1301 641 1470 688 corpus

179 694 213 716 “
237 705 422 752 agente,
448 708 533 738 nec
552 693 727 739 servata
750 694 914 741 eadem
938 695 1174 740 actionum
1198 704 1244 739 et
1268 696 1466 743 reactio-

181 770 216 791 “
240 781 353 811 num
379 766 425 811 in
448 766 582 813 omni
612 767 815 830 corporis
843 769 1037 832 puncto,
1069 767 1388 831 proportione,
1424 782 1470 817 et

179 843 213 864 “
237 835 470 885 summa.”

246 989 321 1035 16.
360 991 518 1055 Qare
543 1005 568 1035 e
592 991 815 1039 converso
841 990 1018 1038 Sanitas
1051 990 1138 1037 erit
1179 999 1210 1021 “
1235 992 1466 1039 Ordinate

175 1066 210 1089 “
237 1061 484 1108 succedens
509 1075 555 1109 et
587 1063 843 1128 unicuique
881 1077 1251 1126 temperamento
1275 1066 1464 1128 proprie

175 1135 207 1156 “
233 1128 591 1175 accommodata
630 1144 846 1192 motuum
895 1130 1047 1185 series,
1090 1143 1135 1176 et
1176 1131 1466 1179 reaetionum.

172 1207 206 1229 ‘⁶
230 1201 288 1248 ab
314 1195 446 1248 omni
472 1204 677 1265 corporis
695 1205 868 1268 puncto
885 1202 1144 1267 proportio,
1167 1216 1212 1250 et
1231 1203 1469 1262 surnma.'’⁴

242 1369 319 1416 17.
359 1356 511 1402 Erunt
537 1355 677 1418 igitur
701 1356 940 1414 circuitus,
975 1370 1021 1404 et
1059 1357 1241 1420 periodi
1270 1356 1462 1420 judica-

169 1431 300 1477 toriae
325 1430 370 1475 in
394 1431 587 1506 morbiS,
614 1430 739 1492 quafi
766 1433 979 1490 “,nNovae
999 1433 1217 1495 quaedam
1245 1447 1463 1480 motuum

168 1512 203 1534 “
231 1504 363 1551 series
393 1504 512 1552 inter
534 1505 790 1561 sanitatem,
831 1520 877 1553 et
900 1508 1122 1553 morbum
1149 1508 1459 1564 intermediae,

168 1589 204 1611 “
227 1594 273 1626 et
313 1580 494 1643 duplici
533 1580 727 1644 quidem
762 1582 952 1628 actionis
978 1582 1210 1644 principio
1242 1583 1459 1629 constan-

168 1665 201 1686 “
227 1668 323 1702 tes:
358 1671 564 1719 quorum
606 1672 752 1701 unum
788 1673 813 1702 a
846 1671 1062 1702 manente
1099 1657 1250 1703 adhuc
1285 1657 1457 1704 alicubi

165 1729 271 1774 “in
297 1745 491 1791 corpore
518 1728 574 1775 ad
616 1728 827 1791 pristinos
869 1729 1071 1775 sanitatis
1106 1743 1280 1784 motus,
1321 1731 1458 1776 Ten-

163 1810 195 1832 “
221 1801 396 1861 dentia,
430 1802 504 1847 seu
531 1818 557 1847 a
593 1802 734 1848 Vitali
764 1802 935 1847 Inertia
971 1803 1079 1848 fiet:
1117 1802 1221 1848 Erit
1259 1803 1457 1851 alterum

163 1885 194 1905 “
223 1876 269 1922 in
293 1888 518 1938 perpetuo
544 1876 800 1921 morbificae
826 1876 1003 1930 cauffae,
1047 1876 1337 1936 singulariter
1361 1877 1448 1922 ali-

164 1957 195 1979 “
223 1948 444 2013 quorsum
470 1947 514 1994 in
536 1961 729 2011 corpore
755 1960 971 1993 manente
998 1947 1367 1995 Incitamento.''

232 2098 306 2144 18.
344 2094 491 2141 Prout
515 2091 655 2154 igitur
672 2108 764 2139 una
791 2091 1041 2139 universim
1081 2093 1297 2139 omnium
1323 2110 1451 2140 mor-

162 2171 329 2216 borum
356 2167 629 2214 immediata
653 2168 786 2214 causa
811 2168 888 2223 est,
915 2183 1007 2213 una
1033 2168 1176 2213 etiam
1204 2166 1449 2216 sanationis

160 2245 223 2292 est
242 2243 378 2299 ratio,
419 2251 453 2273 “
479 2241 708 2289 Restituta
741 2258 909 2304 nempe
946 2241 1148 2304 pristina,
1188 2254 1266 2289 aut
1298 2260 1446 2306 equa-

160 2327 193 2350 “
219 2317 324 2364 bilis
348 2315 505 2372 altera,
532 2315 577 2361 in
617 2315 748 2361 omni
785 2316 991 2378 corporis
1038 2317 1230 2378 puncto,
1255 2328 1301 2362 ct
1335 2317 1447 2364 dato

157 2402 189 2422 ‘⁸
217 2402 590 2454 temperamento
646 2387 964 2444 consentanea,
1031 2402 1247 2434 motuum
1293 2388 1444 2445 series,

157 2476 189 2497 ‘⁶
217 2465 472 2528 proportio,
515 2477 562 2511 et
605 2463 835 2510 summa.'’
905 2464 1078 2526 Neque
1117 2463 1242 2509 enim
1263 2464 1444 2512 eaedem

154 2558 394 2610 perpetuo,
415 2543 516 2607 post
547 2544 789 2597 morbum,
824 2542 950 2590 Vitae
989 2541 1362 2597 consuetudines,
1398 2555 1444 2588 et

157 2618 342 2682 pristina
367 2617 605 2664 actionum
642 2616 822 2664 summa
863 2629 1175 2677 recuperatur.
1248 2617 1379 2677 Saepe
1418 2631 1444 2660 a

160 2697 301 2759 longo
339 2693 508 2740 morbo
549 2704 628 2739 aut
660 2690 706 2738 in
752 2704 928 2739 certam
966 2704 1154 2738 aetatem
1190 2690 1442 2743 incidente,

735 2766 794 2813 M
836 2778 863 2811 2
1268 2777 1449 2808 novum
