1932 3319
423 312 485 360 68
623 304 1536 358 DEVIT.PERIOD.

489 446 537 488 4.
576 430 771 491 Scopus‚
792 428 850 473 de
877 442 972 489 quo
992 424 1100 471 alibi
1127 422 1164 478 ⁸,
1191 422 1412 486 postridie
1450 440 1475 470 a
1491 415 1725 486 judicati-¹

426 521 515 551 one
535 504 767 557 Decinue,
794 518 850 548 ex
875 498 1092 561 sanguine
1117 496 1291 559 aquoso
1310 509 1356 542 et
1374 512 1524 559 pauco
1549 512 1574 541 a
1592 490 1717 540 smis-

428 592 496 624 tra
513 592 618 622 nare
640 575 916 637 prodeunte,
942 585 988 618 et
1005 572 1134 618 urina
1150 569 1478 616 subfidentiam
1497 569 1714 620 habente,
1746 616 1752 621 ,

429 651 475 696 in
514 665 606 710 qua
643 645 943 692 subalbidum
989 644 1102 706 quid
1149 643 1296 689 inerat
1331 656 1465 689 tenue
1491 641 1721 704 geniturae

433 716 595 770 fimile,
639 714 758 767 leve,
798 726 844 758 et
869 712 1058 758 matulae:
1097 710 1349 766 adhaerens,
1397 726 1422 755 a
1460 707 1589 755 febre
1613 720 1717 753 om-

434 796 542 841 nino
569 794 790 839 liberatus
815 791 893 837 est.

505 948 550 996 5.
588 931 687 994 Qi
713 929 1027 977 decumbebat
1044 931 1088 977 in
1109 931 1242 976 horto
1269 927 1477 982 Dealcis,
1505 920 1744 974 Undeci?

435 1025 511 1054 ma
535 1005 830 1066 intel'nigebat
854 1004 1028 1060 omnia,
1051 1005 1178 1050 febre
1199 1004 1417 1049 liberatus
1443 1015 1555 1048 erat.
1594 1002 1720 1047 Dor-

435 1079 604 1126 mivit:
644 1077 790 1122 urinae
814 1090 975 1122 tenues
1000 1077 1121 1123 circa
1147 1075 1522 1139 judicationem:
1557 1073 1725 1123 recidit

435 1167 592 1200 tamen
617 1148 664 1193 in
691 1149 911 1194 morbum
941 1154 979 1194 9.

505 1292 549 1339 6.
593 1288 692 1351 Qi
718 1286 927 1349 primum
954 1285 1136 1334 delatus
1174 1288 1254 1344 est,
1292 1286 1395 1349 post
1435 1286 1650 1333 sudorem
1678 1285 1725 1332 in

440 1364 642 1416 OCtava„
680 1375 822 1424 quern
856 1358 1195 1422 judicatoriurn
1228 1360 1457 1422 putabant
1496 1358 1728 1415 nonnulli,

441 1439 572 1488 brevi
599 1452 812 1485 mortuus
837 1436 899 1482 est
925 1437 1179 1483 undecima
1211 1439 1245 1460 ¹0
1269 1436 1364 1483 die.

510 1592 558 1637 7.
598 1575 916 1639 Hippostenes
975 1575 1021 1621 in
1069 1577 1247 1625 Lariffa
1287 1574 1386 1638 post
1430 1574 1668 1637 sanguinis
1707 1590 1733 1621 c

445 1651 631 1698 naribus
680 1649 737 1694 ad
776 1662 975 1712 quatuor
1018 1650 1330 1696 haeminarum
1373 1648 1634 1694 mensuram
1684 1649 1729 1695 in

444 1726 583 1771 Sexta
621 1722 928 1787 profluvium,
976 1723 1244 1771 Undecima
1271 1721 1467 1768 moritur
1493 1724 1543 1767 ¹¹.

785 1938 1138 1985 DIES
1274 1937 1395 1984 XII.

518 2075 582 2119 A.
622 2073 861 2119 Incertum
887 2071 1069 2133 prorsus
1096 2089 1151 2117 an
1171 2087 1260 2117 non
1286 2069 1420 2132 hujus
1436 2070 1527 2117 diei
1558 2067 1742 2133 judicia

455 2146 628 2193 viderit
648 2148 1004 2209 Hippocrates:
1028 2163 1134 2209 quae
1155 2146 1328 2193 etenim
1356 2145 1498 2191 Sileni
1520 2159 1566 2191 et
1590 2146 1741 2193 Pithi-

455 2223 794 2286 onisjudiciain
814 2224 930 2268 hanc
956 2222 1082 2268 diem
1096 2222 1299 2269 distraxit
1317 2222 1461 2268 A.De
1476 2221 1633 2276 Haen‚
1648 2238 1742 2269 non

457 2295 707 2341 minimum
734 2295 779 2340 in
807 2295 849 2341 se
868 2295 1119 2341 dubietatis
1141 2295 1329 2341 habent.
1392 2294 1462 2340 Ea
1498 2292 1741 2340 nihilomi-

457 2384 541 2413 nus
569 2370 644 2416 die
662 2368 867 2430 judicati
889 2383 1114 2432 apparent
1138 2370 1279 2416 Sutor
1315 2367 1412 2425 ille,
1458 2368 1590 2432 cujus
1611 2368 1746 2431 supra

505 2517 520 2538 ²3
549 2517 663 2554 Conf.
687 2519 804 2567 AEgr.
825 2518 850 2556 ἱ.
880 2519 1035 2556 DieiX.

504 2581 521 2603 9
551 2579 661 2628 Epid.
684 2578 753 2614 ῙΠ.
770 2579 860 2627 senff.
882 2579 907 2617 ἰ.
936 2582 1049 2630 Aigra
1068 2578 1124 2616 ἱὶί.

511 2640 543 2658 ¹0
571 2638 681 2687 Epid.
703 2637 776 2673 IV.

511 2702 539 2720 ¹¹
570 2699 684 2749 Epz'cl.
704 2698 752 2733 V.

1573 2755 1743 2803 memi-
