1932 3319
386 288 480 334 104
611 273 727 323 DE
794 275 978 325 VIT.
1048 274 1440 326 PERIOD.

453 427 499 461 2.
538 413 767 462 Primi'in
814 415 1204 477 Pithagoreorum
1245 414 1452 462 instituto
1494 414 1674 472 tertius,

381 498 591 550 quartus,
654 487 909 551 septimus?
949 500 995 533 et
1038 488 1228 534 offitavus
1265 502 1483 539 numerus
1526 487 1675 534 habiti

382 558 501 606 sunt.
571 559 825 608 Ternarius
859 560 1089 623 liquidem
1137 561 1345 608 animam
1392 559 1538 606 tribus
1584 559 1674 607 suis

381 632 591 694 partibus
613 633 873 680 absolutam
892 634 1201 696 fignificabat‚
1222 632 1544 698 quaternarius
1561 649 1677 680 vero

381 695 764 746 absolutissimam
817 700 984 747 animae
1024 700 1358 764 perfeetionem
1408 699 1644 746 tribuebat
1664 715 1676 744 :

381 770 549 818 exinde
594 773 807 821 solemnis
855 775 900 821 in
943 792 1104 821 eorum
1139 774 1419 838 juramentis
1461 771 1680 828 formula,

384 846 496 905 Juro
538 847 623 892 tibi
660 860 740 907 per
770 864 876 903 eum,
933 850 1006 909 qui
1047 849 1128 894 dat
1174 850 1325 894 animae
1380 847 1528 905 nostrae
1563 860 1677 907 qua·
1758 891 1761 893 ,

382 913 619 957 ternarium
635 929 852 958 numerum
868 934 883 960 .·
925 915 1034 960 Hac
1051 915 1226 960 ratione
1244 913 1495 976 septimum
1513 928 1568 958 ex
1588 925 1679 957 ter·
1740 916 1744 919 “

383 983 514 1028 nario
550 999 595 1030 et
635 987 927 1047 quaternario
954 986 1255 1042 constantem,
1281 986 1477 1048 plenum
1512 1000 1680 1031 nume-v

383 1071 489 1100 rum
537 1057 887 1121 perfeetumque
928 1073 1230 1115 vocaverunt,
1272 1075 1477 1121 eumque
1524 1073 1682 1105 rerum

381 1127 597 1174 omnium
652 1129 746 1177 fere
807 1131 985 1177 nodum
1029 1134 1116 1178 effe
1157 1135 1235 1179 M.
1263 1134 1330 1179 T.
1360 1132 1462 1178 Cic.
1486 1134 1504 1153 ²
1536 1130 1681 1176 dixit:

384 1215 536 1262 neque
580 1202 777 1248 alterum
805 1215 901 1249 tam
926 1204 1052 1251 varia
1089 1204 1332 1268 majestate
1356 1202 1615 1250 secundum
1640 1202 1684 1249 se

382 1274 583 1336 reperire
629 1276 897 1337 Pithagorei
958 1279 1313 1340 profitebantur.
1403 1275 1683 1324 Accedebat

385 1348 614 1410 siquidem
635 1349 692 1394 ad
713 1347 810 1412 ejus
833 1351 1165 1412 praestantiam‚
1183 1371 1240 1399 ex
1261 1368 1388 1399 mare
1413 1366 1458 1397 et
1483 1349 1689 1398 foemina

387 1422 627 1485 componi,
653 1425 753 1485 pari
773 1440 943 1486 nempe
970 1439 1015 1471 et
1036 1427 1220 1488 impari,
1248 1425 1375 1489 quod
1396 1425 1441 1470 in
1459 1440 1684 1471 numero-

388 1511 495 1541 rum
541 1496 705 1542 ordine
748 1497 1007 1559 perfeetum
1051 1513 1148 1545 erat
1175 1517 1185 1545 :
1247 1514 1390 1561 quare
1432 1498 1574 1544 etiam
1615 1499 1684 1546 D.

386 1569 600 1626 Platonis
618 1570 832 1616 Timzeus
848 1574 1117 1618 intertextas
1144 1571 1310 1618 mundi
1335 1584 1484 1634 partes
1510 1588 1568 1618 ex
1583 1571 1685 1634 pari

390 1648 436 1680 et
460 1635 642 1698 impari,
669 1636 849 1698 duplari
877 1654 1062 1701 nempe,
1110 1652 1156 1684 et
1197 1638 1375 1702 triplari
1396 1654 1589 1684 numero
1614 1636 1685 1684 ef-

389 1707 516 1755 fecit.
546 1711 933 1774 Antiquiffimum
949 1712 1178 1774 profeew,
1205 1712 1403 1759 medicae
1427 1711 1689 1773 relligionis

391 1798 447 1827 ea
467 1781 544 1827 die
572 1798 920 1844 argumentum,
941 1784 1067 1830 sacra
1093 1786 1181 1832 effe
1205 1785 1384 1847 origine
1404 1783 1686 1847 multijudi-
1707 1813 1717 1819 -

392 1870 500 1902 cant
518 1858 532 1881 ³
554 1872 564 1901 ε
619 1873 675 1902 ex
719 1873 867 1920 eoque
919 1858 1190 1920 septennarii
1234 1860 1391 1922 legem
1429 1858 1686 1922 quamdam

392 1926 642 1973 universim
669 1930 865 1976 Naturae
888 1930 1172 1992 impositam,
1219 1931 1296 1978 vel
1322 1931 1463 1977 etiam
1489 1931 1685 1977 morbo-

391 1999 930 2065 rumjudicia30rdinare‚
953 2008 1015 2051 A.
1030 2006 1328 2059 Laurentius,
1348 2004 1689 2068 aliique⁴dixe-

394 2090 516 2123 runt.
589 2079 665 2124 De
689 2095 786 2142 qua
810 2078 1063 2124 universim
1095 2079 1336 2126 obtinente
1361 2078 1687 2141 Septennario-

393 2165 497 2196 rum
517 2150 755 2213 potestate,
776 2151 967 2215 plurimi
988 2151 1104 2199 inter
1123 2153 1337 2215 antiquos
1354 2150 1566 2216 scripfiffe
1581 2167 1689 2217 per-

371 2371 389 2386 ,¹
441 2327 458 2344 ²
487 2330 529 2365 In
547 2332 659 2368 Somn.
678 2333 767 2383 *qim

446 2391 461 2415 3
492 2387 751 2438 Pythagoram
772 2405 819 2428 cx
834 2391 1088 2429 israelitarum
1105 2390 1345 2443 dogmatibus
1366 2400 1402 2427 et
1422 2389 1557 2430 ritibus
1576 2391 1697 2442 pluri-

393 2461 454 2486 ma
475 2449 644 2496 hausisse,
663 2450 778 2501 inque
797 2453 860 2489 sua
879 2451 1100 2490 transtuliffe
1113 2463 1250 2503 praeter
1267 2451 1488 2502 Origenem‚
1510 2466 1557 2490 ex
1571 2452 1695 2491 Clem.

395 2507 606 2547 Alexandr.
640 2508 748 2546 facilc
769 2510 880 2548 etiam
908 2511 1096 2556 affinitur.
1152 2512 1377 2564 Pythagoras
1395 2516 1500 2550 etiam
1526 2514 1636 2549 multa
1653 2527 1697 2550 ex

392 2567 514 2615 mrstris
526 2568 717 2615 trmgslulit,
738 2573 927 2619 ifzsuorum
941 2572 1138 2621 dogmatum
1154 2573 1388 2610 traditionem.
1407 2574 1531 2610 Strom.
1553 2571 1640 2609 Lib.
1662 2571 1694 2613 Ῑ.

398 2627 514 2666 Conf.
544 2627 633 2664 item
650 2629 836 2667 Huetium
856 2633 1004 2679 Dcmmgs
1023 2648 1054 2668 ν.
1075 2634 1228 2685 Evang.
1256 2635 1372 2686 Prop.
1385 2632 1440 2671 iv.

444 2691 463 2715 ⁴
491 2686 607 2730 Conf.
627 2686 779 2727 Boi-deu
809 2688 1003 2740 Rcclnsur
1017 2692 1061 2728 les
1077 2692 1203 2744 (ἵν-ἐγω.

1457 2741 1689 2800 hibentur,
