1932 3319
477 288 848 339 AEGRoT.
906 286 1023 334 ET
1084 285 1280 334 SAN.
1380 302 1509 355 ¹101

231 425 418 472 Sextam
442 423 597 488 potius
635 435 715 471 aut
739 422 971 470 OCtavam
1007 418 1260 482 aliquando
1285 417 1518 464 incurrisse

232 497 552 560 Hippocrates
584 497 783 552 monuit,
828 510 920 541 non
944 493 1097 539 morbi
1123 488 1415 545 violentiam,
1441 500 1519 533 aut

229 572 440 633 egregias
464 572 574 618 vitae
590 572 712 618 vires
735 569 982 616 univerfim
1009 584 1222 631 arguens,
1249 564 1325 612 sed
1348 563 1519 610 statum

231 656 277 691 et
300 644 544 708 proprium
567 643 770 706 vigentis
797 641 1150 691 Constitutionis
1175 637 1431 702 ingenium.

297 807 345 849 4.
381 789 477 837 Vix
496 789 639 853 igitur
656 789 870 837 audiendi
897 787 1163 844 Galenistae,
1200 800 1406 851 quorum
1431 785 1522 831 im-

232 865 470 912 moderata
505 865 550 911 in
575 864 846 912 morborum
870 864 1090 927 periodis,
1121 876 1381 924 eorumque
1415 858 1525 905 fini-
1568 890 1575 892 ν

234 938 322 985 bus
340 938 651 991 describendis
669 938 786 984 ratio
805 955 858 984 ea
879 936 1023 985 ferme
1041 937 1142 993 fuit,
1157 949 1209 982 ut
1227 936 1364 982 statos
1384 932 1526 997 quos-

232 1010 344 1057 dam
384 1010 568 1057 dierum
593 1011 777 1058 ordines
802 1010 1051 1059 conderent
1071 1033 1085 1064 3
1124 1024 1327 1073 quorum
1356 1006 1450 1061 alii,
1494 1005 1527 1051 si

183 1124 197 1138 .
235 1085 427 1147 quando
445 1083 710 1146 judicarent
748 1085 793 1131 in
837 1085 1030 1140 morbis,
1074 1081 1360 1130 inelu&abili
1393 1080 1528 1143 plec-

236 1172 386 1206 terent
410 1172 577 1215 morte,
625 1158 886 1222 cujusmodi
912 1158 1085 1206 sextam
1111 1158 1237 1204 diem
1264 1155 1528 1208 faciebant3

237 1233 316 1280 alii
341 1249 454 1280 vero
479 1232 864 1296 indulgentiffimi
893 1247 1055 1280 natura
1079 1234 1171 1287 sua,
1220 1245 1266 1277 et
1301 1244 1552 1301 perquam·

238 1307 489 1354 clementes
511 1306 741 1369 auspicata
759 1307 921 1352 omnia
939 1305 1270 1368 aegrotantibus
1280 1302 1531 1366 portende-

237 1393 356 1434 rent,
393 1379 521 1442 quod
545 1380 602 1426 de
627 1380 837 1442 Septima
854 1379 1087 1426 dixerunt.
1149 1380 1275 1438 Qae
1286 1376 1534 1439 postquam

239 1451 445 1498 Galenus
463 1450 733 1514 scripsisset„
758 1465 860 1498 tum
878 1451 1072 1497 demum
1093 1449 1380 1496 immortales
1403 1450 1534 1496 Deos

237 1526 287 1576 in
311 1523 624 1572 testimonium
647 1525 866 1583 vocabat,
892 1526 1020 1590 quod
1045 1526 1092 1572 bi
1113 1525 1358 1579 noviffent,
1383 1539 1535 1586 quan-

241 1613 288 1647 ta
303 1598 414 1645 effet
440 1615 618 1655 eorum,
645 1615 751 1663 quae
766 1599 1019 1662 scripserat,
1038 1598 1240 1646 veritas:
1274 1594 1535 1661 cujusmodi

241 1671 436 1720 animofi
496 1673 727 1719 sermones
778 1674 970 1729 mirum,
1027 1684 1202 1735 quanto
1234 1668 1536 1717 Medicinam

240 1747 415 1793 damno
438 1745 695 1802 infecerint,
716 1747 855 1808 longe
876 1745 1159 1808 frugiferum
1177 1745 1222 1791 in
1244 1746 1362 1792 Arte
1380 1742 1537 1790 obser-

242 1819 484 1865 vationum
509 1835 656 1883 genus
681 1821 728 1867 in
753 1817 932 1865 fabulas
957 1818 1103 1884 quasi,
1146 1830 1192 1865 et
1216 1817 1442 1880 figmenta
1465 1811 1536 1862 ef-

245 1893 493 1957 fingentes.
556 1936 557 1939 ,

316 2053 361 2102 5.
396 2040 574 2087 Verum
597 2039 725 2086 enim
753 2056 856 2087 eam
899 2040 1106 2101 maxime
1132 2040 1177 2087 in
1201 2040 1441 2088 scribendo
1466 2057 1537 2089 ra-

245 2112 428 2159 tionem
456 2112 771 2177 Hippocrates
808 2114 972 2170 tenuit,
1008 2128 1061 2161 ut
1093 2131 1199 2177 quae
1223 2117 1422 2162 Naturae
1444 2116 1539 2163 ufi-

248 2198 346 2233 tata
369 2185 486 2241 sunt,
525 2201 570 2233 et
596 2187 641 2233 in
668 2187 940 2233 morborum
961 2188 1163 2251 periodis
1189 2203 1234 2236 et
1257 2190 1425 2236 finibus
1445 2206 1542 2253 prae

252 2262 429 2309 caeteris
461 2262 706 2318 durabilia,
754 2262 989 2326 supremas
1033 2265 1091 2310 ab
1134 2264 1201 2310 his
1238 2265 1370 2311 Artis
1411 2256 1540 2328 leges

251 2336 473 2383 duceret:
521 2353 662 2400 quare
688 2338 829 2400 paulo
873 2336 1230 2400 infrequentiora
1255 2339 1542 2403 castIgatiffi-

252 2427 356 2458 mus
372 2410 461 2457 suis
480 2414 653 2460 amovit
669 2412 822 2469 libris,
842 2412 992 2458 laudis
1012 2412 1129 2470 satis,
1143 2414 1416 2478 praemiique
1432 2416 1544 2463 fibi-

251 2498 350 2533 met
374 2486 705 2549 propofflurus,
732 2487 763 2533 si
783 2503 887 2550 quae
911 2486 1006 2534 fere
1027 2487 1316 2552 singulorum
1348 2491 1544 2537 morbo-

252 2575 356 2607 rum
376 2559 533 2616 effent,
580 2562 616 2610 is
641 2561 883 2608 scribendo
909 2562 1128 2620 traderet,
1177 2580 1270 2610 non
1297 2580 1403 2627 quae
1428 2562 1547 2611 faci-

254 2634 349 2683 lem
374 2634 432 2680 ab
456 2634 765 2683 admiratione
790 2635 1148 2685 delectationem
1175 2639 1439 2703 legentibus
1467 2655 1549 2702 pa-

257 2722 424 2766 rerent,
491 2723 569 2759 aut
616 2713 674 2760 ab
721 2711 943 2760 similium
992 2716 1317 2779 exemplorum
1361 2713 1550 2759 caritate

806 2787 858 2836 H
897 2802 926 2850 3
1345 2785 1554 2850 pretium
