1932 3319
462 233 529 287 26
712 232 1074 285 DEVIT.
1132 233 1525 294 PERIOD.

459 374 582 424 quos
601 356 717 417 saepe
732 354 924 419 legerat,
946 357 1166 405 Homero
1184 372 1281 420 prae
1299 355 1481 404 caeteris
1514 355 1562 402 in
1577 352 1763 404 deliciis

461 431 625 480 habito
643 427 696 485 3⁶,
723 429 883 478 sensim
901 429 1114 488 hauserit,
1140 431 1480 494 propriumque
1498 429 1664 476 exinde
1683 429 1760 488 sti-

460 505 563 553 lum
589 520 698 552 cum
725 504 779 552 iis
804 502 1189 552 conformaverit.
1249 505 1360 565 Jarn
1383 504 1512 550 enim
1531 504 1590 550 de
1614 503 1762 552 mixta

461 579 685 634 Homeri,
716 575 941 634 'AEschili,
980 577 1244 642 Sophoclis,
1286 577 1581 639 aliorumque
1597 580 1786 640 poeta-'

461 667 566 699 rum
590 652 794 698 dictione
808 651 989 716 liquido
1009 651 1130 699 inter
1147 651 1352 699 eruditos
1371 650 1564 707 constat,
1599 649 1761 713 plura-

460 741 553 789 que
569 726 710 773 etiam
729 726 786 772 de
800 726 1150 790 Hippocratico
1164 726 1470 773 Homerismo
1494 726 1617 790 apud
1634 725 1763 774 criti-

462 815 544 846 cos
562 801 839 863 allegantur.
877 800 1135 848 Accedunt
1157 799 1390 864 siquidem
1409 812 1577 862 praeter
1591 790 1774 862 mixtas*

460 874 773 921 dialectorum
798 890 954 930 voces,
984 873 1342 921 constructiones
1360 873 1626 936 singulares,
1650 879 1762 936 pro-'-

460 947 647 1011 priique
689 947 882 1012 quidam
922 947 1265 1010 particularum
1311 945 1434 1002 usus,
1484 946 1764 992 modorum-

460 1037 555 1084 que
604 1034 650 1069 et
698 1021 889 1068 casuum
937 1022 1173 1084 enalageS,
1240 1019 1603 1084 frequentesque
1657 1019 1765 1081 syn-

463 1095 635 1141 chises:
691 1110 896 1157 quorum
943 1095 1158 1141 omnium
1201 1109 1313 1142 cum
1360 1093 1511 1156 poetis
1560 1092 1769 1139 maximo

461 1167 732 1213 communis
779 1166 884 1212 usus
925 1167 1213 1230 Hippocrati
1255 1165 1359 1213 fuit.
1432 1165 1766 1228 Qarnobrem

461 1240 543 1287 vix
579 1253 704 1287 certe
740 1240 978 1297 audiendi,
1023 1240 1105 1303 qui
1149 1256 1205 1286 ex
1251 1255 1305 1285 ea
1350 1255 1496 1302 quam
1515 1238 1768 1286 citavimus

461 1314 613 1360 mixta
638 1313 948 1377 Hippocratis
972 1313 1190 1369 dialecto,
1227 1329 1320 1359 non
1360 1328 1508 1358 unum
1546 1325 1766 1376 propter-

465 1402 523 1434 ea
570 1387 1030 1450 Hippocraticorum
1091 1387 1323 1433 librorum
1380 1387 1620 1432 auctorem
1675 1385 1768 1432 effe

465 1474 781 1525 putaverunt3
831 1478 996 1509 verum
1031 1459 1159 1524 quasi
1186 1473 1233 1506 et
1262 1459 1477 1524 pluribus
1519 1459 1652 1506 fimul
1679 1475 1765 1506 co-

465 1548 793 1598 agmentatum
825 1552 961 1598 opuS,
987 1534 1086 1599 ejus
1102 1535 1352 1582 universim
1371 1534 1517 1580 libros
1537 1534 1627 1580 effe
1652 1549 1765 1580 cen-

464 1610 670 1667 suerunt,
708 1610 836 1674 quod
863 1627 1010 1674 nuper
1043 1611 1185 1658 etiam
1205 1614 1243 1638 ¹⁷
1265 1610 1485 1657 iteratum
1524 1609 1619 1655 est:
1657 1624 1764 1654 om-

467 1686 581 1733 nino
606 1685 782 1732 etenim
820 1683 866 1731 in
894 1684 947 1731 iis
971 1685 1131 1742 etiam,
1173 1685 1255 1749 qui
1287 1687 1372 1732 rite
1404 1683 1444 1729 ei
1479 1683 1762 1738 tribuuntur,

465 1761 617 1817 libris,
644 1759 787 1807 mixta
814 1752 1042 1822 ejusmodi
1062 1758 1289 1808 dialectus
1311 1759 1571 1823 reperitur3
1611 1757 1674 1805 ita
1693 1771 1765 1806 ta-

466 1851 575 1883 men
596 1847 648 1881 ut
673 1834 835 1883 Ionica
864 1834 1078 1899 princeps
1103 1835 1173 1881 sit.

536 1990 585 2040 5.
638 1974 885 2038 Ejusmodi
931 1975 1144 2039 profecto
1200 1973 1418 2022 dictionis
1469 1971 1763 2039 modgmjn

468 2049 761 2116 Epidemicis
783 2049 968 2112 prorsus
993 2049 1216 2096 omnibus
1243 2048 1428 2103 servari,
1455 2060 1502 2094 et
1524 2045 1762 2110 perspicue

409 2124 417 2127 ’
465 2124 516 2179 in
563 2123 636 2180 iis,
684 2123 766 2186 qui
814 2123 985 2186 integri
1033 2123 1291 2186 supersunt,
1341 2123 1455 2170 locis
1502 2121 1763 2168 elucescere

470 2215 618 2262 nuper
631 2196 868 2261 judicavit
906 2198 1024 2244 inter
1065 2212 1255 2246 caeteros
1283 2188 1642 2260 Hippocraticae
1664 2192 1762 2239 dia-

469 2273 577 2321 lecti
602 2271 917 2336 penriffimus,
954 2273 1017 2319 D.
1047 2273 1294 2319 Trillerus.
1345 2269 1453 2317 Post
1478 2284 1585 2333 quae
1609 2268 1761 2315 maxi-

471 2344 716 2397 medubia
757 2346 942 2396 Halleri
971 2345 1151 2411 judicia
1190 2347 1250 2393 de
1290 2340 1585 2408 Epideniicis
1624 2341 1762 2392 facile

516 2530 552 2555 ¹⁶
581 2529 696 2570 Conf.
716 2532 776 2569 De
793 2534 1045 2586 Hippocratico
1063 2534 1296 2585 Homerg'l‘mo,
1317 2531 1370 2571 H.
1386 2505 1561 2571 Mercur.
1580 2530 1680 2582 Cens.
1695 2530 1767 2582 Op.

464 2596 697 2692 fflffogonf.
716 2652 869 2704 Aubry,
897 2655 967 2707 Op.
988 2657 1051 2693 cit.

1527 2707 1759 2772 plerisque
