1932 3319
400 277 771 329 AEGRoT.
832 278 948 327 ET
1007 278 1206 327 SAN.
1373 299 1439 346 49

209 399 266 448 B.
303 397 524 445 Pluribus
565 411 721 446 autem
755 397 920 462 quinta
953 397 1029 444 die
1063 397 1254 445 morbus
1278 397 1439 445 decre-

141 473 227 530 vit,
266 472 442 537 septem
468 473 725 531 intermisit,
751 487 799 521 et
820 474 922 540 post
946 471 1149 521 reditum
1174 471 1250 519 die
1274 472 1441 535 quinto

134 545 373 612 judicatio
396 546 521 596 facta
544 548 622 596 est.
637 552 674 608 ¹,

207 695 267 743 C.
306 696 406 744 Sub
447 697 668 759 hyemem
704 711 816 743 vero
848 694 968 741 circa
1005 694 1217 743 brumale
1252 693 1442 742 solstiti-

140 785 240 827 um,
263 805 275 817 .
301 804 314 818 .
346 805 358 818 .
381 771 593 836 pluribus
619 772 676 818 ab
719 770 854 819 initio
873 771 1040 835 quinta
1079 771 1156 817 die
1201 769 1438 816 decrevit:

138 855 340 907 quatuor
358 844 624 892 intermisit:
653 857 698 891 et
717 861 773 891 ex
793 844 1000 892 recidiva
1013 843 1251 908 judicatio
1272 842 1442 908 quinta.

140 917 217 964 die
240 915 363 965 facta
381 919 443 966 est
458 922 494 965 ⁶.

209 1063 274 1115 D.
315 1064 441 1132 Qae
484 1069 652 1132 quinta
684 1064 759 1116 die
789 1061 1147 1132 judicabantur,
1189 1067 1444 1117 intermissa

144 1156 253 1200 una,
280 1144 556 1206 repetebant
581 1143 628 1190 in
654 1144 993 1194 Constitutione
1018 1146 1274 1209 quadam'.

210 1293 269 1340 E.
307 1293 476 1341 Tusses
500 1293 685 1356 hyeme,
716 1289 922 1341 maxime
948 1294 994 1340 in
1025 1294 1273 1349 Austrinis,
1297 1294 1440 1340 craffa

145 1380 192 1414 et
217 1369 367 1415 multa
390 1369 498 1414 alba
521 1369 862 1424 excreantibus,
885 1382 931 1415 et
954 1368 1108 1416 febres
1132 1368 1447 1417 succedebant

145 1438 328 1499 leniter,
363 1454 409 1488 et
438 1440 607 1504 quinta
631 1440 706 1488 die
732 1441 1011 1488 cessabant⁴.

213 1590 269 1636 F.
317 1591 364 1637 A
390 1588 636 1637 cholericae
653 1588 759 1636 bilis
771 1590 997 1647 motibus,
1018 1588 1166 1637 febres
1193 1590 1448 1655 aliquando

147 1661 368 1726 malignae
392 1660 641 1724 prodeunt,
662 1676 776 1723 quas
794 1678 958 1711 cavere
973 1675 1180 1726 oportet.
1254 1663 1450 1724 Judicat

149 1747 306 1780 autem
333 1733 449 1780 tales
476 1735 664 1783 morbos
690 1738 894 1786 maxime
927 1735 1107 1799 quinta,
1153 1749 1200 1783 et
1236 1735 1449 1798 septima,

149 1820 197 1853 et
220 1824 343 1854 nona
362 1807 491 1854 dies:
527 1810 696 1859 melius
722 1826 877 1860 tamen
916 1810 979 1857 est
1014 1825 1180 1858 cavere
1219 1808 1363 1873 usque
1390 1810 1449 1856 ad

150 1876 386 1930 decimam
411 1882 626 1946 quintam
647 1888 679 1933 ⁸.

223 2029 286 2076 G.
336 2029 554 2094 Plerique
587 2050 642 2080 ex
681 2032 989 2080 destillatione
1021 2028 1280 2077 secundum
1307 2029 1448 2076 dimi-

152 2096 281 2149 diam
319 2102 485 2165 capitis
512 2119 690 2167 partem
716 2107 938 2153 dolebant
944 2137 1193 2151 ........
1211 2101 1449 2149 febricita-

120 2218 128 2227 s
159 2175 271 2222 bant
287 2174 469 2232 leniter,
495 2190 541 2223 et
562 2178 606 2224 in
622 2178 834 2242 quinque
851 2178 950 2225 dies
971 2175 1399 2241 perfrigerabantur
1412 2173 1445 2226 ⁶,

204 2375 218 2394 ³
247 2373 363 2424 Epid.
384 2372 416 2410 1.
432 2375 522 2426 fifl.
545 2372 583 2412 ii.
602 2374 653 2425 st.
670 2370 722 2414 iii.

248 2426 338 2462 Loc.
359 2430 419 2464 cit.

206 2489 222 2512 ³
251 2486 365 2536 Epid.
386 2486 460 2524 IV.

204 2547 223 2569 ⁴
253 2544 365 2594 Epid.
382 2545 435 2582 V.

206 2609 219 2633 ⁵
256 2607 371 2657 Epid.
387 2605 483 2643 VII.
513 2605 600 2643 sec‘t.
619 2605 660 2643 ii„

209 2664 226 2687 ⁶
265 2667 380 2718 Epid.
412 2665 464 2703 V.
498 2664 536 2704 in
565 2666 653 2705 fine.

711 2725 753 2773 E
1221 2725 1293 2774 H.
1343 2725 1454 2773 Alia
