1932 3319
456 259 824 312 AEGRoT.
885 262 1000 310 ET
1061 263 1258 311 SAN.
1425 263 1513 326 183

216 395 331 442 darn
355 411 558 459 namque
584 397 629 443 in
648 395 862 461 populari
889 395 1084 451 Morbo,
1121 409 1178 441 ex
1204 394 1389 440 naribus
1414 394 1514 441 san-

218 469 326 532 guis
352 470 544 529 fluebat,
592 486 671 518 aut
707 488 763 517 ex
801 470 967 525 vesica,
1009 469 1139 516 urina
1164 468 1367 513 multum
1401 467 1518 513 sedi-

221 557 453 601 mentum,
492 558 538 592 et
565 547 744 592 bonum
772 545 944 590 habens
971 544 1273 606 procedebat,
1313 554 1391 586 aut
1409 558 1515 603 per-

222 618 408 664 turbata
433 618 582 675 alvus,
610 619 773 664 biliosa
807 618 1081 680 tempestive
1107 615 1401 669 excernebat,
1441 627 1520 660 aut

218 691 491 753 dysenteriae
525 692 734 737 fiebant:
774 690 932 738 multis
973 705 1130 737 autem
1158 687 1395 752 judicatio
1422 704 1515 733 non

221 779 279 809 ex
303 780 396 809 uno
421 775 603 810 tantum
640 762 1049 825 suprascriptorum
1092 762 1332 825 fignorum
1358 759 1517 815 fiebat,

218 834 296 883 sed
317 852 374 882 ex
398 851 559 882 eorum
581 835 812 899 plerisque
833 835 964 881 fimul
982 834 1183 898 jumeris:
1237 834 1337 881 aliis
1361 848 1518 879 tamen

222 908 341 956 inter
355 909 577 973 ejusmodi
597 909 985 971 perturbationes,
1004 911 1204 962 dolores,
1225 923 1270 954 et
1291 908 1520 970 colliqua-

219 981 385 1039 tiones,
418 981 762 1044 subitojudieia
784 981 1034 1036 ceffabant,
1078 996 1228 1043 neque
1246 981 1340 1026 ulla
1366 981 1518 1027 morbi

220 1056 421 1104 remiffio
448 1057 603 1102 fiebat.
657 1057 831 1118 Neque
856 1054 1036 1116 integra
1056 1055 1327 1100 morborum
1353 1054 1520 1100 solutio

222 1130 420 1186 constat,
463 1145 572 1176 cum
596 1130 871 1191 praecociter
885 1126 1175 1190 judicantur,
1205 1142 1373 1188 nempe
1393 1126 1521 1189 quod

223 1203 412 1259 dicitur,
457 1203 647 1266 quando
694 1202 835 1248 cruda
871 1201 974 1248 sunt
1021 1201 1193 1247 omnia.
1266 1204 1312 1246 A
1355 1200 1520 1262 primis

223 1292 428 1340 namque
449 1275 602 1322 morbi
618 1275 800 1330 diebus,
827 1274 1165 1319 vacuationum
1187 1271 1339 1333 copia,
1366 1271 1521 1319 fraetae

218 1347 334 1412 aegri
358 1350 476 1396 vires
502 1349 684 1395 fibimet
710 1348 818 1411 ipsis
846 1347 1076 1410 postremo
1094 1361 1305 1409 tempore
1331 1346 1517 1392 desunt:

220 1437 366 1484 quare
405 1421 634 1468 confufim
675 1421 951 1466 morborum
989 1433 1200 1482 tempora
1231 1419 1521 1466 interlabun-

219 1500 322 1547 tur,
364 1500 410 1534 et
434 1488 515 1533 diu
541 1488 772 1551 protraeta
797 1486 1132 1542 invaletudine,
1177 1486 1256 1532 vix
1277 1486 1321 1531 in
1343 1486 1413 1542 iis,
1440 1486 1520 1549 qui

225 1561 540 1612 communiter
565 1561 715 1623 magis
741 1573 933 1606 caeteros
955 1562 1145 1606 morbos
1163 1558 1394 1621 judicant,
1429 1559 1521 1604 cir-

222 1635 426 1686 cuitibus
444 1635 622 1698 judicia
642 1647 880 1698 apparent,
924 1635 1190 1696 exindeque
1214 1634 1404 1695 vagiet
1428 1634 1522 1679 fine

223 1725 340 1774 typo
361 1710 630 1764 creduntur,
667 1723 872 1772 quorum
898 1708 1105 1770 plurima
1130 1706 1178 1752 in
1205 1706 1522 1768 Popularibus

223 1784 444 1846 exempla
467 1782 587 1829 sunt.

293 1944 341 1992 6.
382 1942 497 1989 Huc
522 1940 772 2004 pertinent,
814 1955 920 2002 quae
962 1937 1019 1984 de
1045 1937 1243 1984 tardiore
1268 1937 1519 1986 univerfirn

227 2022 276 2068 in
310 2015 612 2066 Nosocomiis
654 2014 927 2060 morborum
969 2013 1184 2069 termino,
1232 2013 1370 2059 solers
1413 2029 1520 2061 ante

226 2094 342 2143 alios
366 2091 477 2151 Joh.
499 2088 733 2150 Pringlius
759 2086 1024 2133 adnotavit:
1059 2087 1231 2132 Febres
1251 2087 1392 2142 enim,
1415 2104 1520 2151 quae

227 2165 425 2229 septima
448 2162 726 2226 plerumque
754 2159 830 2205 die
856 2160 899 2203 in
927 2159 1045 2204 urbe
1062 2157 1422 2220 judicabantur,
1450 2160 1518 2206 se-

227 2239 321 2286 rius
367 2236 414 2282 in
457 2231 761 2281 Nosocomiis
803 2231 1075 2277 sanabantur
1100 2229 1137 2286 ⁶,
1175 2233 1351 2293 Quarta
1389 2233 1519 2279 deci--

227 2327 306 2359 ma
353 2322 399 2356 et
442 2307 696 2369 Vigefima‚
751 2305 1004 2368 aliquando
1061 2303 1202 2350 etiam
1250 2318 1296 2350 et
1343 2306 1517 2368 Trige-

230 2386 370 2435 fimat
420 2381 645 2430 consensu:
686 2397 796 2427 curn
842 2379 941 2443 ipso
990 2379 1070 2426 cl,
1115 2378 1368 2442 Clephane,
1417 2380 1518 2444 post

376 2587 397 2609 ⁵
423 2584 576 2638 Obfirv.
595 2599 635 2622 on
654 2583 712 2623 the
725 2584 816 2635 Jail
829 2597 870 2621 or
887 2580 1058 2636 Hospital
1072 2581 1203 2631 Fever,
1232 2581 1281 2618 ch,
1308 2580 1375 2619 vii.

811 2652 864 2700 N
897 2667 933 2712 4
1263 2648 1517 2699 Decimam
