1932 3319
363 264 732 316 AEGROT.
802 262 921 312 ET
990 258 1189 313 SAN.
1381 281 1457 330 31·

149 387 333 437 Natura
370 384 688 451 ignorantiam
723 384 960 442 excusare,
994 380 1287 446 omnemque
1329 400 1456 449 penei

147 460 402 509 humanam
426 460 655 507 rationem
673 471 933 508 conterere.

214 621 266 671 7.
288 610 555 676 *Qantum
587 622 729 671 porro
763 606 822 654 ad
865 605 1241 654 contradicentes
1274 619 1462 668 tex-tus,

149 696 269 745 quos
292 698 350 730 ex
377 680 672 748 Epidemicis
693 694 742 727 et
761 680 1057 744 Aphorismis
1080 680 1218 728 facile
1241 681 1456 746 quisquis

104 804 106 807 ,
149 753 371 819 proferet,
391 756 496 805 satis
512 752 778 818 impraesens
791 754 1018 801 monuifi‘e
1038 754 1109 811 sit,
1130 770 1208 801 eos
1224 771 1281 801 ex
1297 757 1456 819 primo

151 827 299 893 Epid.
332 831 624 897 potiffimum
649 828 860 886 excitari,
898 845 1044 893 quem
1064 829 1258 886 librum,
1295 847 1454 889 nemo,

153 905 370 963 arbitror,
393 903 684 971 Hippocrati
708 904 951 968 derogavit
966 920 1217 968 umquam.
1267 908 1458 973 Qatn-

153 977 321 1028 obrem
341 978 465 1025 haud
491 977 749 1041 plurimum
769 974 981 1024 adversus
1005 976 1268 1024 universam
1294 994 1459 1027 eorum

155 1051 483 1099 auctoritatem
510 1052 685 1098 valent..
762 1050 803 1096 Ii
838 1064 962 1096 certe
988 1050 1092 1097 libri
1113 1067 1292 1106 omnes,
1318 1051 1487 1102 tacite>⁴

157 1125 452 1172 medicorum
490 1124 710 1171 omnium
746 1122 987 1180 consensu,
1024 1123 1340 1186 superioribus
1370 1127 1459 1173 sal-

157 1213 256 1246 tem
281 1199 389 1246 huic
407 1197 562 1245 nostro
585 1197 783 1253 saeculis,
809 1198 995 1260 probati
1014 1197 1133 1254 sunt,
1159 1214 1244 1244 nec
1266 1201 1463 1262 repudi-

158 1273 224 1320 ati
270 1272 396 1335 apud
433 1272 625 1318 idoneos
656 1286 812 1318 rerum
852 1270 1151 1318 aestimatores
1185 1272 1461 1321 ceciderunt

160 1361 389 1409 umquam
409 1368 423 1399 ς
460 1359 608 1406 eaque
651 1343 905 1390 univerfnn
941 1342 1033 1389 fuit
1070 1361 1232 1392 eorum
1259 1347 1463 1395 auctori-

161 1436 249 1477 tas,
285 1418 453 1467 Galeni
470 1417 657 1481 judicio
694 1417 948 1464 minimum
974 1417 1191 1467 adversus
1217 1437 1295 1466 eos
1317 1423 1462 1484 profi-

161 1496 328 1550 ciente,
352 1506 405 1540 ut
424 1491 659 1556 principes
684 1490 730 1537 in
750 1493 868 1538 Arte
885 1490 1022 1537 viri²¹
1040 1507 1119 1539 eos
1140 1508 1186 1539 et
1202 1492 1320 1556 saepe
1334 1494 1467 1558 lege-

159 1568 271 1625 rint,
295 1566 540 1630 multaque
557 1568 616 1613 ab
643 1566 737 1613 illis
759 1566 1093 1629 comparandae
1117 1568 1224 1615 Arti
1249 1570 1466 1632 praesidia

160 1643 376 1708 undique
399 1641 709 1706 quaesiverint.

235 1787 282 1831 8.
320 1783 478 1831 Satius
505 1781 704 1846 quidem
721 1781 936 1831 dubitare
961 1781 1042 1838 est,
1070 1798 1127 1829 an
1155 1799 1250 1830 non
1271 1785 1469 1843 cunctis,

157 1871 402 1924 quotquot
435 1857 727 1921 Hippocrati
767 1856 814 1904 in
844 1857 1138 1920 Epidemicis
1199 1875 1468 1906 memoran-

164 1945 259 1987 tur,
299 1930 637 1993 ¹aegrotantibus
680 1931 718 1977 is
759 1930 914 1993 reapse
957 1929 1245 1977 medicinam
1287 1929 1468 1988 fecerit,

164 2020 335 2053 verum
361 2021 420 2050 an
443 2021 539 2050 non
571 2003 729 2066 potius
773 2004 956 2067 aliquos
993 2020 1051 2050 ex
1089 2003 1285 2050 aliorum
1320 2005 1472 2052 medi-

169 2093 334 2129 corum
357 2076 450 2123 fide
474 2076 781 2140 descripserit.
852 2077 924 2122 Ea
959 2075 1187 2140 siqnidem
1212 2077 1471 2126 diffitarum

215 2215 252 2234 2¹
282 2209 477 2249 Narratur
503 2209 549 2248 de
581 2210 630 2248 A.
660 2209 776 2248 Musa
804 2209 1026 2255 Brasavola‚
1054 2209 1299 2248 Medicorum
1322 2209 1377 2248 sui
1409 2208 1482 2250 aevi

164 2270 278 2311 facile
313 2269 498 2321 principe,
529 2269 563 2308 ei
595 2270 911 2321 Epidernicorum
945 2270 1062 2307 libros
1089 2270 1271 2308 Ferrariae
1291 2271 1331 2309 in
1359 2272 1483 2322 patria

164 2329 411 2370 universitate
429 2329 582 2381 publice
602 2328 869 2380 interpretanti
891 2329 1112 2367 nuntiatum
1142 2331 1212 2367 esse
1238 2330 1334 2368 aedes
1367 2331 1485 2382 ipsius

167 2389 298 2428 ardere
329 2397 366 2425 et
397 2388 574 2426 incendio
609 2390 790 2427 cremari:
826 2403 914 2426 mox
953 2388 1066 2426 etiarn
1097 2403 1366 2440 campanarum
1386 2390 1485 2428 soni-

165 2457 228 2487 tus
248 2445 401 2485 auditus
420 2446 482 2494 est,
504 2461 645 2499 magna
663 2447 702 2485 in
720 2447 1016 2500 frequentiffima
1034 2448 1306 2499 discipulorum
1325 2451 1484 2488 cohorte

166 2506 309 2548 exinde
338 2505 492 2543 suborta
522 2505 744 2557 agitatione.
812 2510 865 2545 At
897 2507 961 2544 ille
989 2505 1086 2544 nihil
1114 2519 1324 2558 permotus,
1362 2508 1480 2561 inque

170 2566 408 2617 Hippocrate
427 2565 564 2613 omnis,
593 2568 972 2619 Cambarantm·sane,
996 2566 1139 2619 inquit
1165 2568 1385 2606 vehementi
1408 2568 1488 2605 ani·

171 2640 246 2675 mo,
275 2642 356 2665 nam
374 2627 455 2664 hinc
474 2628 675 2677 dist-cffurus
697 2644 761 2666 non
777 2631 862 2681 sum
874 2631 1081 2682 priusquam
1111 2633 1284 2680 integram
1316 2631 1488 2671 lcftionem

171 2688 400 2741 absolverim.
455 2687 572 2731 Conf.
595 2690 704 2731 Fabr.
724 2691 828 2734 Bibl.
844 2693 968 2733 Graec-
987 2690 1042 2733 11.
1069 2701 1148 2745 cap.
1169 2690 1278 2731 xxiv.

1270 2746 1481 2810 urbium,
