<?xml version="1.0" encoding="UTF-8"?>
<!DOCTYPE html PUBLIC "-//W3C//DTD XHTML 1.0 Transitional//EN"
    "http://www.w3.org/TR/xhtml1/DTD/xhtml1-transitional.dtd">
<html xmlns="http://www.w3.org/1999/xhtml" xml:lang="en" lang="en">
 <head>
  <title>
</title>
<meta http-equiv="Content-Type" content="text/html;charset=utf-8" />
  <meta name='ocr-system' content='tesseract 3.04.00' />
  <meta name='ocr-capabilities' content='ocr_page ocr_carea ocr_par ocr_line ocrx_word'/>
</head>
<body>
  <div class='ocr_page' id='page_1' title='image "./devitalibusperio01testuoft_0251.png"; bbox 0 0 1932 3319; ppageno 0'>
   <div class='ocr_carea' id='block_1_1' title="bbox 406 250 1441 325">
    <p class='ocr_par' dir='ltr' id='par_1_1' title="bbox 406 250 1441 325">
     <span class='ocr_line' id='line_1_1' title="bbox 406 250 1441 325; baseline 0 -16"><span class='ocrx_word' id='word_1_1' title='bbox 406 250 774 309; x_wconf 66' lang='lat' dir='ltr'><strong>ZEGROT.</strong></span> <span class='ocrx_word' id='word_1_2' title='bbox 836 258 950 306; x_wconf 90' lang='lat' dir='ltr'><strong>ET</strong></span> <span class='ocrx_word' id='word_1_3' title='bbox 1011 251 1207 308; x_wconf 71' lang='grc' dir='ltr'><strong>ΒΑΝ.</strong></span> <span class='ocrx_word' id='word_1_4' title='bbox 1350 274 1441 325; x_wconf 80' lang='lat'><strong>179</strong></span> 
     </span>
    </p>
   </div>
   <div class='ocr_carea' id='block_1_2' title="bbox 157 391 1442 456">
    <p class='ocr_par' dir='ltr' id='par_1_2' title="bbox 157 391 1442 456">
     <span class='ocr_line' id='line_1_2' title="bbox 157 391 1442 456; baseline 0.002 -17"><span class='ocrx_word' id='word_1_5' title='bbox 157 392 436 456; x_wconf 83' lang='lat' dir='ltr'><strong>morrhagiae</strong></span> <span class='ocrx_word' id='word_1_6' title='bbox 461 408 606 439; x_wconf 89' lang='lat' dir='ltr'><strong>novos</strong></span> <span class='ocrx_word' id='word_1_7' title='bbox 641 404 794 439; x_wconf 90' lang='lat' dir='ltr'><strong>metus</strong></span> <span class='ocrx_word' id='word_1_8' title='bbox 814 391 990 448; x_wconf 85' lang='lat' dir='ltr'><strong>instare,</strong></span> <span class='ocrx_word' id='word_1_9' title='bbox 1035 391 1319 439; x_wconf 71' lang='lat' dir='ltr'><strong>notissimum</strong></span> <span class='ocrx_word' id='word_1_10' title='bbox 1346 395 1442 442; x_wconf 81' lang='lat' dir='ltr'><strong>est:</strong></span> 
     </span>
    </p>
   </div>
   <div class='ocr_carea' id='block_1_3' title="bbox 147 465 1446 595">
    <p class='ocr_par' dir='ltr' id='par_1_3' title="bbox 147 465 1446 595">
     <span class='ocr_line' id='line_1_3' title="bbox 155 465 1444 529; baseline 0.001 -17"><span class='ocrx_word' id='word_1_11' title='bbox 155 481 296 528; x_wconf 86' lang='lat' dir='ltr'><strong>quare</strong></span> <span class='ocrx_word' id='word_1_12' title='bbox 315 465 524 529; x_wconf 87' lang='lat' dir='ltr'><strong>duplices</strong></span> <span class='ocrx_word' id='word_1_13' title='bbox 547 465 592 511; x_wconf 89' lang='lat' dir='ltr'><strong>in</strong></span> <span class='ocrx_word' id='word_1_14' title='bbox 608 466 894 529; x_wconf 85' lang='lat' dir='ltr'><strong>deligatione</strong></span> <span class='ocrx_word' id='word_1_15' title='bbox 913 465 1164 519; x_wconf 67' lang='lat' dir='ltr'><strong>vincturas,</strong></span> <span class='ocrx_word' id='word_1_16' title='bbox 1188 467 1356 513; x_wconf 80' lang='lat' dir='ltr'><strong>arteriis</strong></span> <span class='ocrx_word' id='word_1_17' title='bbox 1375 468 1444 513; x_wconf 86' lang='lat' dir='ltr'><strong>in-</strong></span> 
     </span>
     <span class='ocr_line' id='line_1_4' title="bbox 147 529 1446 595; baseline 0.002 -17"><span class='ocrx_word' id='word_1_18' title='bbox 147 529 252 595; x_wconf 90' lang='lat' dir='ltr'><strong>jici,</strong></span> <span class='ocrx_word' id='word_1_19' title='bbox 271 548 470 595; x_wconf 82' lang='lat' dir='ltr'><strong>quarum</strong></span> <span class='ocrx_word' id='word_1_20' title='bbox 486 547 577 578; x_wconf 85' lang='lat' dir='ltr'><strong>una</strong></span> <span class='ocrx_word' id='word_1_21' title='bbox 594 532 742 578; x_wconf 84' lang='lat' dir='ltr'><strong>laxius</strong></span> <span class='ocrx_word' id='word_1_22' title='bbox 762 536 970 594; x_wconf 87' lang='lat' dir='ltr'><strong>primum</strong></span> <span class='ocrx_word' id='word_1_23' title='bbox 988 531 1210 595; x_wconf 85' lang='lat' dir='ltr'><strong>appofita‚</strong></span> <span class='ocrx_word' id='word_1_24' title='bbox 1233 532 1446 581; x_wconf 77' lang='lat' dir='ltr'><strong>circavas</strong></span> 
     </span>
    </p>
   </div>
   <div class='ocr_carea' id='block_1_4' title="bbox 153 600 1448 742">
    <p class='ocr_par' dir='ltr' id='par_1_4' title="bbox 153 600 1448 742">
     <span class='ocr_line' id='line_1_5' title="bbox 155 600 1446 670; baseline 0.003 -20"><span class='ocrx_word' id='word_1_25' title='bbox 155 604 314 652; x_wconf 90' lang='lat' dir='ltr'><strong>denuo</strong></span> <span class='ocrx_word' id='word_1_26' title='bbox 339 606 535 670; x_wconf 79' lang='lat' dir='ltr'><strong>deligari</strong></span> <span class='ocrx_word' id='word_1_27' title='bbox 562 619 718 669; x_wconf 85' lang='lat' dir='ltr'>queat,</span> <span class='ocrx_word' id='word_1_28' title='bbox 767 608 908 651; x_wconf 85' lang='lat' dir='ltr'><strong>altera</strong></span> <span class='ocrx_word' id='word_1_29' title='bbox 928 605 1125 668; x_wconf 84' lang='lat' dir='ltr'><strong>jamque</strong></span> <span class='ocrx_word' id='word_1_30' title='bbox 1148 605 1248 667; x_wconf 83' lang='lat' dir='ltr'><strong>post</strong></span> <span class='ocrx_word' id='word_1_31' title='bbox 1271 600 1446 668; x_wconf 83' lang='lat' dir='ltr'><strong>septem</strong></span> 
     </span>
     <span class='ocr_line' id='line_1_6' title="bbox 153 676 1448 742; baseline 0.001 -19"><span class='ocrx_word' id='word_1_32' title='bbox 153 678 434 742; x_wconf 87' lang='lat' dir='ltr'><strong>plerumque</strong></span> <span class='ocrx_word' id='word_1_33' title='bbox 472 679 572 724; x_wconf 86' lang='lat' dir='ltr'><strong>dies</strong></span> <span class='ocrx_word' id='word_1_34' title='bbox 612 678 873 735; x_wconf 85' lang='lat' dir='ltr'><strong>decidente,</strong></span> <span class='ocrx_word' id='word_1_35' title='bbox 915 694 1061 740; x_wconf 85' lang='lat' dir='ltr'><strong>nuper</strong></span> <span class='ocrx_word' id='word_1_36' title='bbox 1098 676 1247 724; x_wconf 91' lang='lat' dir='ltr'><strong>voluit</strong></span> <span class='ocrx_word' id='word_1_37' title='bbox 1270 679 1448 740; x_wconf 85' lang='lat' dir='ltr'><strong>experi-</strong></span> 
     </span>
    </p>
   </div>
   <div class='ocr_carea' id='block_1_5' title="bbox 154 751 1446 889">
    <p class='ocr_par' dir='ltr' id='par_1_5' title="bbox 154 751 1446 889">
     <span class='ocr_line' id='line_1_7' title="bbox 154 751 1446 814; baseline 0.002 -18"><span class='ocrx_word' id='word_1_38' title='bbox 154 752 407 799; x_wconf 87' lang='lat' dir='ltr'><strong>entiffimus</strong></span> <span class='ocrx_word' id='word_1_39' title='bbox 428 751 552 798; x_wconf 86' lang='lat' dir='ltr'><strong>idem</strong></span> <span class='ocrx_word' id='word_1_40' title='bbox 569 766 613 798; x_wconf 89' lang='lat' dir='ltr'><strong>et</strong></span> <span class='ocrx_word' id='word_1_41' title='bbox 634 752 1006 814; x_wconf 77' lang='lat' dir='ltr'><strong>diligentissimus</strong></span> <span class='ocrx_word' id='word_1_42' title='bbox 1031 751 1152 798; x_wconf 88' lang='lat' dir='ltr'><strong>inter</strong></span> <span class='ocrx_word' id='word_1_43' title='bbox 1176 752 1446 800; x_wconf 75' lang='lat' dir='ltr'><strong>Pariiienses</strong></span> 
     </span>
     <span class='ocr_line' id='line_1_8' title="bbox 154 824 778 889; baseline 0.003 -19"><span class='ocrx_word' id='word_1_44' title='bbox 154 824 431 889; x_wconf 80' lang='lat' dir='ltr'>Chirurgus,</span> <span class='ocrx_word' id='word_1_45' title='bbox 464 826 540 872; x_wconf 91' lang='lat' dir='ltr'><strong>Cl.</strong></span> <span class='ocrx_word' id='word_1_46' title='bbox 568 825 778 872; x_wconf 87' lang='lat' dir='ltr'><strong>Desault.</strong></span> 
     </span>
    </p>
   </div>
   <div class='ocr_carea' id='block_1_6' title="bbox 153 969 1449 1259">
    <p class='ocr_par' dir='ltr' id='par_1_6' title="bbox 153 969 1449 1259">
     <span class='ocr_line' id='line_1_9' title="bbox 222 969 1446 1033; baseline 0.002 -17"><span class='ocrx_word' id='word_1_47' title='bbox 222 986 267 1033; x_wconf 89' lang='lat'><strong>9.</strong></span> <span class='ocrx_word' id='word_1_48' title='bbox 307 969 551 1018; x_wconf 84' lang='lat' dir='ltr'><strong>Consimili</strong></span> <span class='ocrx_word' id='word_1_49' title='bbox 606 969 746 1017; x_wconf 85' lang='lat' dir='ltr'><strong>etiam</strong></span> <span class='ocrx_word' id='word_1_50' title='bbox 800 969 981 1015; x_wconf 88' lang='lat' dir='ltr'><strong>dierum</strong></span> <span class='ocrx_word' id='word_1_51' title='bbox 1034 969 1209 1016; x_wconf 85' lang='lat' dir='ltr'><strong>servata</strong></span> <span class='ocrx_word' id='word_1_52' title='bbox 1254 971 1446 1028; x_wconf 79' lang='lat' dir='ltr'><strong>ratione,</strong></span> 
     </span>
     <span class='ocr_line' id='line_1_10' title="bbox 154 1044 1448 1109; baseline 0.002 -19"><span class='ocrx_word' id='word_1_53' title='bbox 154 1056 324 1109; x_wconf 84' lang='lat' dir='ltr'><strong>nempe</strong></span> <span class='ocrx_word' id='word_1_54' title='bbox 342 1045 441 1108; x_wconf 89' lang='lat' dir='ltr'><strong>post</strong></span> <span class='ocrx_word' id='word_1_55' title='bbox 458 1044 720 1107; x_wconf 86' lang='lat' dir='ltr'><strong>Septimam</strong></span> <span class='ocrx_word' id='word_1_56' title='bbox 744 1057 824 1089; x_wconf 87' lang='lat' dir='ltr'><strong>aut</strong></span> <span class='ocrx_word' id='word_1_57' title='bbox 845 1045 1074 1107; x_wconf 80' lang='lat' dir='ltr'><strong>Qartam</strong></span> <span class='ocrx_word' id='word_1_58' title='bbox 1094 1044 1347 1104; x_wconf 81' lang='lat' dir='ltr'><strong>decimam,</strong></span> <span class='ocrx_word' id='word_1_59' title='bbox 1372 1047 1448 1092; x_wconf 83' lang='lat' dir='ltr'><strong>vel</strong></span> 
     </span>
     <span class='ocr_line' id='line_1_11' title="bbox 154 1117 1444 1182; baseline 0.004 -19"><span class='ocrx_word' id='word_1_60' title='bbox 154 1117 295 1166; x_wconf 86' lang='lat' dir='ltr'><strong>serius</strong></span> <span class='ocrx_word' id='word_1_61' title='bbox 319 1121 476 1176; x_wconf 83' lang='lat' dir='ltr'><strong>etiam,</strong></span> <span class='ocrx_word' id='word_1_62' title='bbox 521 1120 650 1182; x_wconf 88' lang='lat' dir='ltr'><strong>quod</strong></span> <span class='ocrx_word' id='word_1_63' title='bbox 679 1132 904 1182; x_wconf 85' lang='lat' dir='ltr'><strong>perpetuo</strong></span> <span class='ocrx_word' id='word_1_64' title='bbox 940 1118 1105 1165; x_wconf 86' lang='lat' dir='ltr'><strong>melius</strong></span> <span class='ocrx_word' id='word_1_65' title='bbox 1133 1119 1220 1166; x_wconf 85' lang='lat' dir='ltr'><strong>effe</strong></span> <span class='ocrx_word' id='word_1_66' title='bbox 1246 1121 1372 1178; x_wconf 81' lang='lat' dir='ltr'><strong>solet,</strong></span> <span class='ocrx_word' id='word_1_67' title='bbox 1392 1136 1395 1138; x_wconf 90' lang='grc'><em>·</em></span> <span class='ocrx_word' id='word_1_68' title='bbox 1415 1122 1444 1168; x_wconf 85' lang='lat' dir='ltr'><strong>fi</strong></span> 
     </span>
     <span class='ocr_line' id='line_1_12' title="bbox 153 1191 1449 1259; baseline 0.005 -23"><span class='ocrx_word' id='word_1_69' title='bbox 153 1192 348 1253; x_wconf 89' lang='lat' dir='ltr'><strong>quidem</strong></span> <span class='ocrx_word' id='word_1_70' title='bbox 395 1209 481 1239; x_wconf 87' lang='lat' dir='ltr'><strong>nec</strong></span> <span class='ocrx_word' id='word_1_71' title='bbox 526 1192 675 1250; x_wconf 71' lang='grc' dir='ltr'><strong>ἀοΙοΓ,Δ</strong></span> <span class='ocrx_word' id='word_1_72' title='bbox 724 1208 875 1254; x_wconf 90' lang='lat' dir='ltr'><strong>neque</strong></span> <span class='ocrx_word' id='word_1_73' title='bbox 924 1191 1246 1249; x_wconf 87' lang='lat' dir='ltr'><strong>inflammatio,</strong></span> <span class='ocrx_word' id='word_1_74' title='bbox 1295 1211 1449 1259; x_wconf 83' lang='lat' dir='ltr'><strong>neque</strong></span> 
     </span>
    </p>
   </div>
   <div class='ocr_carea' id='block_1_7' title="bbox 151 1263 1449 1395">
    <p class='ocr_par' dir='ltr' id='par_1_7' title="bbox 151 1263 1449 1395">
     <span class='ocr_line' id='line_1_13' title="bbox 151 1263 1449 1331; baseline 0.005 -23"><span class='ocrx_word' id='word_1_75' title='bbox 151 1263 284 1325; x_wconf 90' lang='lat' dir='ltr'><strong>puris</strong></span> <span class='ocrx_word' id='word_1_76' title='bbox 310 1264 446 1327; x_wconf 88' lang='lat' dir='ltr'><strong>copia</strong></span> <span class='ocrx_word' id='word_1_77' title='bbox 471 1276 576 1310; x_wconf 87' lang='lat' dir='ltr'><strong>ante</strong></span> <span class='ocrx_word' id='word_1_78' title='bbox 603 1277 793 1327; x_wconf 84' lang='lat' dir='ltr'><strong>cogant,</strong></span> <span class='ocrx_word' id='word_1_79' title='bbox 832 1264 1041 1310; x_wconf 86' lang='lat' dir='ltr'><strong>difficilia</strong></span> <span class='ocrx_word' id='word_1_80' title='bbox 1065 1279 1111 1311; x_wconf 93' lang='lat' dir='ltr'><strong>et</strong></span> <span class='ocrx_word' id='word_1_81' title='bbox 1131 1267 1335 1313; x_wconf 78' lang='lat' dir='ltr'><strong>maxime</strong></span> <span class='ocrx_word' id='word_1_82' title='bbox 1364 1286 1449 1331; x_wconf 88' lang='lat' dir='ltr'><strong>pe·-</strong></span> 
     </span>
     <span class='ocr_line' id='line_1_14' title="bbox 153 1328 1447 1395; baseline 0.005 -21"><span class='ocrx_word' id='word_1_83' title='bbox 153 1328 350 1377; x_wconf 86' lang='lat' dir='ltr'><strong>riculosa</strong></span> <span class='ocrx_word' id='word_1_84' title='bbox 375 1330 581 1386; x_wconf 87' lang='lat' dir='ltr'><strong>vulnera,</strong></span> <span class='ocrx_word' id='word_1_85' title='bbox 630 1332 839 1377; x_wconf 62' lang='lat' dir='ltr'><strong>detrafflm</strong></span> <span class='ocrx_word' id='word_1_86' title='bbox 859 1330 1064 1393; x_wconf 87' lang='lat' dir='ltr'><strong>primum</strong></span> <span class='ocrx_word' id='word_1_87' title='bbox 1099 1346 1321 1395; x_wconf 84' lang='lat' dir='ltr'><strong>apparatu</strong></span> <span class='ocrx_word' id='word_1_88' title='bbox 1358 1334 1447 1380; x_wconf 87' lang='lat' dir='ltr'>sol-</span> 
     </span>
    </p>
   </div>
   <div class='ocr_carea' id='block_1_8' title="bbox 153 1401 1449 1670">
    <p class='ocr_par' dir='ltr' id='par_1_8' title="bbox 153 1401 1449 1670">
     <span class='ocr_line' id='line_1_15' title="bbox 153 1401 1449 1467; baseline 0.005 -20"><span class='ocrx_word' id='word_1_89' title='bbox 153 1417 264 1449; x_wconf 89' lang='lat' dir='ltr'><strong>vere</strong></span> <span class='ocrx_word' id='word_1_90' title='bbox 288 1404 486 1466; x_wconf 74' lang='lat' dir='ltr'><strong>praestat,</strong></span> <span class='ocrx_word' id='word_1_91' title='bbox 524 1403 652 1465; x_wconf 91' lang='lat' dir='ltr'><strong>quod</strong></span> <span class='ocrx_word' id='word_1_92' title='bbox 693 1403 762 1449; x_wconf 88' lang='lat' dir='ltr'><strong>his</strong></span> <span class='ocrx_word' id='word_1_93' title='bbox 794 1401 990 1465; x_wconf 85' lang='lat' dir='ltr'><strong>jamque</strong></span> <span class='ocrx_word' id='word_1_94' title='bbox 1030 1403 1210 1450; x_wconf 87' lang='lat' dir='ltr'><strong>dierum</strong></span> <span class='ocrx_word' id='word_1_95' title='bbox 1247 1406 1449 1467; x_wconf 85' lang='lat' dir='ltr'><strong>periodis</strong></span> 
     </span>
     <span class='ocr_line' id='line_1_16' title="bbox 155 1475 1447 1532; baseline 0.004 -10"><span class='ocrx_word' id='word_1_96' title='bbox 155 1477 349 1532; x_wconf 64' lang='lat' dir='ltr'><strong>exactis,</strong></span> <span class='ocrx_word' id='word_1_97' title='bbox 387 1477 541 1523; x_wconf 88' lang='lat' dir='ltr'><strong>minor</strong></span> <span class='ocrx_word' id='word_1_98' title='bbox 566 1476 624 1522; x_wconf 87' lang='lat' dir='ltr'><strong>ab</strong></span> <span class='ocrx_word' id='word_1_99' title='bbox 658 1475 1024 1523; x_wconf 82' lang='lat' dir='ltr'><strong>inflammatione</strong></span> <span class='ocrx_word' id='word_1_100' title='bbox 1065 1491 1111 1524; x_wconf 88' lang='lat' dir='ltr'><strong>et</strong></span> <span class='ocrx_word' id='word_1_101' title='bbox 1136 1495 1162 1525; x_wconf 87' lang='lat' dir='ltr'><strong>a</strong></span> <span class='ocrx_word' id='word_1_102' title='bbox 1185 1480 1447 1527; x_wconf 65' lang='lat' dir='ltr'><strong>convulsio-2</strong></span> 
     </span>
     <span class='ocr_line' id='line_1_17' title="bbox 155 1548 1448 1613; baseline 0.005 -18"><span class='ocrx_word' id='word_1_103' title='bbox 155 1549 292 1596; x_wconf 87' lang='lat' dir='ltr'><strong>nibus</strong></span> <span class='ocrx_word' id='word_1_104' title='bbox 317 1563 469 1598; x_wconf 88' lang='lat' dir='ltr'><strong>metus</strong></span> <span class='ocrx_word' id='word_1_105' title='bbox 494 1551 565 1608; x_wconf 86' lang='lat' dir='ltr'><strong>sit,</strong></span> <span class='ocrx_word' id='word_1_106' title='bbox 613 1548 884 1613; x_wconf 85' lang='lat' dir='ltr'><strong>faciliusque</strong></span> <span class='ocrx_word' id='word_1_107' title='bbox 923 1549 1118 1598; x_wconf 84' lang='lat' dir='ltr'><strong>subinde</strong></span> <span class='ocrx_word' id='word_1_108' title='bbox 1158 1553 1355 1600; x_wconf 84' lang='lat' dir='ltr'><strong>vulnera</strong></span> <span class='ocrx_word' id='word_1_109' title='bbox 1377 1554 1448 1600; x_wconf 83' lang='lat' dir='ltr'><strong>sa-</strong></span> 
     </span>
     <span class='ocr_line' id='line_1_18' title="bbox 156 1635 341 1670; baseline 0.011 -2"><span class='ocrx_word' id='word_1_110' title='bbox 156 1635 341 1670; x_wconf 87' lang='lat' dir='ltr'><strong>nentur.</strong></span> 
     </span>
    </p>
   </div>
   <div class='ocr_carea' id='block_1_9' title="bbox 226 1763 1449 1830">
    <p class='ocr_par' dir='ltr' id='par_1_9' title="bbox 226 1763 1449 1830">
     <span class='ocr_line' id='line_1_19' title="bbox 226 1763 1449 1830; baseline 0.005 -17"><span class='ocrx_word' id='word_1_111' title='bbox 226 1783 301 1814; x_wconf 87' lang='lat'><strong>10.</strong></span> <span class='ocrx_word' id='word_1_112' title='bbox 339 1763 511 1830; x_wconf 90' lang='lat' dir='ltr'><strong>Neque</strong></span> <span class='ocrx_word' id='word_1_113' title='bbox 535 1767 868 1816; x_wconf 82' lang='lat' dir='ltr'><strong>inconsiderata</strong></span> <span class='ocrx_word' id='word_1_114' title='bbox 891 1768 1076 1817; x_wconf 84' lang='lat' dir='ltr'><strong>dierum</strong></span> <span class='ocrx_word' id='word_1_115' title='bbox 1111 1769 1286 1817; x_wconf 85' lang='lat' dir='ltr'><strong>ratione</strong></span> <span class='ocrx_word' id='word_1_116' title='bbox 1326 1771 1449 1819; x_wconf 86' lang='lat' dir='ltr'><strong>frac-</strong></span> 
     </span>
    </p>
   </div>
   <div class='ocr_carea' id='block_1_10' title="bbox 155 1842 1450 1975">
    <p class='ocr_par' dir='ltr' id='par_1_10' title="bbox 155 1842 1450 1975">
     <span class='ocr_line' id='line_1_20' title="bbox 155 1842 1450 1900; baseline 0.004 -12"><span class='ocrx_word' id='word_1_117' title='bbox 155 1853 315 1888; x_wconf 86' lang='lat' dir='ltr'><strong>torum</strong></span> <span class='ocrx_word' id='word_1_118' title='bbox 355 1844 520 1888; x_wconf 87' lang='lat' dir='ltr'><strong>offium</strong></span> <span class='ocrx_word' id='word_1_119' title='bbox 545 1842 770 1889; x_wconf 61' lang='lat' dir='ltr'><strong>vincturae</strong></span> <span class='ocrx_word' id='word_1_120' title='bbox 799 1844 1033 1890; x_wconf 83' lang='lat' dir='ltr'><strong>solvendae</strong></span> <span class='ocrx_word' id='word_1_121' title='bbox 1056 1844 1173 1900; x_wconf 89' lang='lat' dir='ltr'><strong>sunt,</strong></span> <span class='ocrx_word' id='word_1_122' title='bbox 1216 1861 1380 1892; x_wconf 85' lang='lat' dir='ltr'><strong>verum</strong></span> <span class='ocrx_word' id='word_1_123' title='bbox 1401 1847 1450 1894; x_wconf 90' lang='lat' dir='ltr'><strong>id</strong></span> 
     </span>
     <span class='ocr_line' id='line_1_21' title="bbox 158 1907 1449 1975; baseline 0.005 -21"><span class='ocrx_word' id='word_1_124' title='bbox 158 1907 205 1954; x_wconf 90' lang='lat' dir='ltr'><strong>in</strong></span> <span class='ocrx_word' id='word_1_125' title='bbox 229 1908 367 1955; x_wconf 85' lang='lat' dir='ltr'><strong>statos</strong></span> <span class='ocrx_word' id='word_1_126' title='bbox 392 1909 576 1956; x_wconf 85' lang='lat' dir='ltr'><strong>differre</strong></span> <span class='ocrx_word' id='word_1_127' title='bbox 601 1909 698 1955; x_wconf 90' lang='lat' dir='ltr'><strong>dies</strong></span> <span class='ocrx_word' id='word_1_128' title='bbox 722 1908 903 1971; x_wconf 85' lang='lat' dir='ltr'><strong>praestat</strong></span> <span class='ocrx_word' id='word_1_129' title='bbox 931 1908 1074 1972; x_wconf 87' lang='lat' dir='ltr'><strong>juxta</strong></span> <span class='ocrx_word' id='word_1_130' title='bbox 1106 1913 1270 1958; x_wconf 85' lang='lat' dir='ltr'><strong>offium</strong></span> <span class='ocrx_word' id='word_1_131' title='bbox 1295 1914 1449 1975; x_wconf 88' lang='lat' dir='ltr'><strong>quali-</strong></span> 
     </span>
    </p>
   </div>
   <div class='ocr_carea' id='block_1_11' title="bbox 155 1982 1452 2335">
    <p class='ocr_par' dir='ltr' id='par_1_11' title="bbox 155 1982 1452 2335">
     <span class='ocr_line' id='line_1_22' title="bbox 155 1982 1452 2048; baseline 0.003 -17"><span class='ocrx_word' id='word_1_132' title='bbox 155 1995 321 2039; x_wconf 86' lang='lat' dir='ltr'><strong>tatem,</strong></span> <span class='ocrx_word' id='word_1_133' title='bbox 371 1982 717 2045; x_wconf 80' lang='lat' dir='ltr'><strong>tempestatem,</strong></span> <span class='ocrx_word' id='word_1_134' title='bbox 772 1984 986 2040; x_wconf 88' lang='lat' dir='ltr'><strong>modum,</strong></span> <span class='ocrx_word' id='word_1_135' title='bbox 1027 1984 1280 2048; x_wconf 89' lang='lat' dir='ltr'><strong>locumque</strong></span> <span class='ocrx_word' id='word_1_136' title='bbox 1328 1986 1452 2034; x_wconf 85' lang='lat' dir='ltr'><strong>frac-</strong></span> 
     </span>
     <span class='ocr_line' id='line_1_23' title="bbox 157 2056 1451 2120; baseline 0.006 -17"><span class='ocrx_word' id='word_1_137' title='bbox 157 2069 291 2111; x_wconf 88' lang='lat' dir='ltr'><strong>turae,</strong></span> <span class='ocrx_word' id='word_1_138' title='bbox 342 2056 612 2119; x_wconf 84' lang='lat' dir='ltr'><strong>aegrotantis</strong></span> <span class='ocrx_word' id='word_1_139' title='bbox 653 2056 856 2120; x_wconf 91' lang='lat' dir='ltr'><strong>denique</strong></span> <span class='ocrx_word' id='word_1_140' title='bbox 905 2058 1308 2107; x_wconf 84' lang='lat' dir='ltr'><strong>constitutionem:</strong></span> <span class='ocrx_word' id='word_1_141' title='bbox 1356 2078 1451 2111; x_wconf 87' lang='lat' dir='ltr'><strong>non</strong></span> 
     </span>
     <span class='ocr_line' id='line_1_24' title="bbox 159 2130 1452 2194; baseline 0.006 -17"><span class='ocrx_word' id='word_1_142' title='bbox 159 2130 302 2186; x_wconf 88' lang='lat' dir='ltr'><strong>enim,</strong></span> <span class='ocrx_word' id='word_1_143' title='bbox 353 2143 631 2194; x_wconf 86' lang='lat' dir='ltr'><strong>anteaquam</strong></span> <span class='ocrx_word' id='word_1_144' title='bbox 671 2130 767 2177; x_wconf 86' lang='lat' dir='ltr'><strong>dati</strong></span> <span class='ocrx_word' id='word_1_145' title='bbox 806 2130 1000 2194; x_wconf 88' lang='lat' dir='ltr'><strong>quidam</strong></span> <span class='ocrx_word' id='word_1_146' title='bbox 1025 2132 1209 2180; x_wconf 88' lang='lat' dir='ltr'><strong>dierum</strong></span> <span class='ocrx_word' id='word_1_147' title='bbox 1233 2133 1452 2186; x_wconf 83' lang='lat' dir='ltr'><strong>circuitus</strong></span> 
     </span>
     <span class='ocr_line' id='line_1_25' title="bbox 159 2201 1449 2267; baseline 0.008 -17"><span class='ocrx_word' id='word_1_148' title='bbox 159 2201 330 2250; x_wconf 84' lang='lat' dir='ltr'><strong>emensi</strong></span> <span class='ocrx_word' id='word_1_149' title='bbox 355 2202 454 2260; x_wconf 81' lang='lat' dir='ltr'><strong>sint,</strong></span> <span class='ocrx_word' id='word_1_150' title='bbox 494 2219 578 2267; x_wconf 88' lang='lat' dir='ltr'><strong>pro</strong></span> <span class='ocrx_word' id='word_1_151' title='bbox 616 2219 794 2260; x_wconf 89' lang='lat' dir='ltr'><strong>eorum,</strong></span> <span class='ocrx_word' id='word_1_152' title='bbox 836 2220 943 2267; x_wconf 86' lang='lat' dir='ltr'><strong>quae</strong></span> <span class='ocrx_word' id='word_1_153' title='bbox 982 2206 1201 2265; x_wconf 80' lang='lat' dir='ltr'><strong>diximus,</strong></span> <span class='ocrx_word' id='word_1_154' title='bbox 1237 2210 1449 2260; x_wconf 79' lang='lat' dir='ltr'><strong>omnium</strong></span> 
     </span>
     <span class='ocr_line' id='line_1_26' title="bbox 162 2277 981 2335; baseline 0.001 -8"><span class='ocrx_word' id='word_1_155' title='bbox 162 2292 365 2335; x_wconf 62' lang='lat' dir='ltr'><strong>ratione2</strong></span> <span class='ocrx_word' id='word_1_156' title='bbox 407 2279 503 2327; x_wconf 85' lang='lat' dir='ltr'><strong>offa</strong></span> <span class='ocrx_word' id='word_1_157' title='bbox 521 2279 676 2328; x_wconf 88' lang='lat' dir='ltr'><strong>denuo</strong></span> <span class='ocrx_word' id='word_1_158' title='bbox 701 2277 981 2328; x_wconf 86' lang='lat' dir='ltr'><strong>coalescunt.</strong></span> 
     </span>
    </p>
   </div>
   <div class='ocr_carea' id='block_1_12' title="bbox 730 2662 1449 2722">
    <p class='ocr_par' dir='ltr' id='par_1_12' title="bbox 730 2662 1449 2722">
     <span class='ocr_line' id='line_1_27' title="bbox 730 2662 1449 2722; baseline -0.003 -2"><span class='ocrx_word' id='word_1_159' title='bbox 730 2668 780 2720; x_wconf 82' lang='lat' dir='ltr'>N</span> <span class='ocrx_word' id='word_1_160' title='bbox 818 2689 843 2721; x_wconf 78' lang='lat'>2</span> <span class='ocrx_word' id='word_1_161' title='bbox 1028 2662 1040 2668; x_wconf 33' lang='lat'><strong><em>³</em></strong></span> <span class='ocrx_word' id='word_1_162' title='bbox 1280 2672 1449 2722; x_wconf 69' lang='lat' dir='ltr'><strong>CAR</strong></span> 
     </span>
    </p>
   </div>
  </div>
 </body>
</html>
