1932 3319
431 233 800 287 AEGROT.
858 234 972 284 ET
1032 238 1225 286 sAN.
1402 249 1493 300 173

205 371 266 419 de
309 384 404 434 quo
444 369 706 426 scribimus,
756 368 1032 417 morborum
1079 383 1225 431 genus
1265 366 1495 429 pertinere

202 443 466 492 verosimile
490 445 569 501 est,
605 443 887 507 easdemque
912 442 1080 506 pariter
1104 440 1340 503 utrimque
1367 442 1493 502 peri-

201 519 323 567 odos
342 519 552 583 proxime
575 519 806 583 subsequi.
877 518 1138 581 Utrimque
1170 515 1343 563 etenim
1368 516 1493 563 simi-

201 593 308 640 liter
344 594 471 641 idem
492 594 761 641 Solidorum
786 591 906 639 nisus
940 592 987 639 in
1025 590 1289 656 pristinum,
1328 589 1419 636 five
1441 604 1495 640 ut

200 667 301 715 aliis
321 667 549 723 scribitur,
584 667 739 714 vitalis
763 667 924 713 inertia
949 666 1181 720 exeritum
1215 665 1492 729 eaedemque

203 757 420 790 motuum
444 741 768 788 conversiones
793 739 1094 787 intermedios
1119 735 1342 802 quosdam
1369 751 1495 785 tran-

201 814 313 863 situs
349 814 597 879 postulant,
645 828 850 876 quorum
885 811 1169 861 successione
1211 811 1384 870 critici,
1432 812 1494 860 sic

201 887 332 947 dieti,
359 888 583 936 circuitus
603 886 886 935 efficiuntur.

269 1048 318 1097 3.
360 1031 566 1095 Infignes
591 1027 800 1094 profeffito
838 1029 885 1077 in
909 1028 1199 1087 vulneribus,
1240 1029 1365 1077 statis
1398 1029 1497 1077 die-

204 1111 292 1160 bus
317 1111 683 1176 permutationes
708 1110 930 1168 incidere,
978 1124 1027 1158 et
1065 1109 1238 1174 pariter
1265 1124 1405 1174 atque
1447 1111 1495 1158 in

202 1186 394 1250 reliquis
414 1183 591 1232 morbis
614 1183 810 1231 certiora
833 1198 934 1232 tum
972 1185 1030 1232 ad
1057 1185 1256 1240 bonum,
1300 1201 1409 1231 cum
1435 1184 1498 1230 ad

201 1260 383 1306 malum
425 1258 608 1314 inditia,
662 1257 785 1305 statis
830 1258 1265 1322 praeterlabentibus
1313 1258 1498 1306 dierum

201 1331 503 1389 circuitibus,
551 1331 598 1377 in
638 1330 692 1378 iis
732 1331 1011 1379 manifestari
1041 1331 1123 1378 vix
1168 1331 1372 1378 dubium
1415 1332 1495 1388 est,

201 1421 378 1468 magna
399 1405 554 1451 ubivis
579 1417 866 1467 congregata
889 1404 1268 1452 observationum
1304 1422 1356 1452 ea
1381 1405 1425 1452 in
1447 1424 1498 1454 re

201 1470 509 1526 auetoritate!
554 1489 607 1524 ut
626 1493 779 1541 neque
798 1479 941 1525 etiarn
966 1477 1294 1542 imperitiffimi
1319 1481 1498 1544 quique

203 1554 334 1603 Artis
359 1553 558 1600 cultores
584 1569 609 1599 a
627 1552 952 1616 spectabilium
975 1554 1294 1618 quorumdam
1315 1556 1498 1603 dierum

204 1627 603 1691 contemplatione
650 1626 698 1676 in
738 1627 1030 1684 vulneribus,
1079 1629 1293 1675 recedere
1339 1644 1498 1677 vetere

205 1702 412 1750 instituto
447 1701 651 1750 soleant:
697 1702 830 1767 quod
854 1701 1059 1768 appofite
1084 1702 1262 1751 notavit
1299 1703 1358 1751 C.
1381 1707 1495 1751 Ma-

204 1789 359 1841 gatUS·

271 1932 322 1975 4.
358 1912 604 1979 Ejusmodi
627 1912 856 1962 notissima
874 1914 1051 1963 exstant
1070 1917 1194 1979 apud
1217 1917 1495 1981 Hippocra-

176 1983 342 2039 ⁷tem⁸
366 1990 491 2046 loca,
533 1988 707 2053 quibus
745 1989 897 2038 critici
935 1989 1120 2038 dierum
1162 1991 1384 2038 circuitus
1416 2008 1498 2039 eo-

203 2069 338 2112 rum'
373 2063 542 2110 similes
589 2062 858 2122 laudantur,
922 2080 1126 2128 quorum
1158 2065 1206 2111 in
1251 2065 1499 2113 febrilibus

204 2136 385 2187 morbis
436 2135 640 2201 plurima
691 2135 740 2183 in
775 2135 1004 2201 superiore
1044 2137 1178 2202 hujus
1220 2138 1327 2186 libri
1366 2154 1498 2202 parte

204 2209 386 2259 mentio
426 2226 452 2256 a
492 2208 628 2258 nobis
668 2208 789 2256 faita
835 2210 913 2259 est.
998 2211 1108 2259 Pari
1157 2229 1358 2277 namque
1391 2214 1500 2262 rati-

208 2294 298 2330 one
343 2281 392 2330 in
435 2280 709 2330 vulneribus
755 2284 1002 2347 Qartam,
1059 2285 1337 2349 Septimam,
1390 2288 1500 2334 Un-

206 2357 462 2414 decimam‚
521 2357 774 2405 Decimam
820 2371 1054 2421 quartam,
1118 2372 1166 2406 et
1209 2360 1501 2424 Vigefimam

208 2431 433 2480 Medicos
452 2432 735 2480 considerare
758 2431 915 2495 jubet,
955 2434 1085 2498 quod
1106 2434 1176 2482 his
1201 2438 1405 2484 maxime
1428 2437 1499 2485 di-

209 2505 324 2554 ebus
370 2521 558 2570 magnae
601 2506 648 2553 in
691 2506 761 2553 his
808 2508 1125 2556 conversiones
1184 2511 1363 2567 fierent,
1420 2528 1502 2574 per

208 2577 414 2629 aestatem
460 2579 615 2638 citius,
662 2595 746 2644 per
789 2581 996 2630 hiemem
1041 2582 1250 2639 tardius;
1299 2600 1500 2648 quorum

258 2716 278 2761 ξ
299 2709 416 2753 Conf.
436 2711 547 2756 Libr.
567 2715 731 2755 Praenot.
768 2715 882 2771 Epid,
902 2718 963 2756 De
976 2717 1070 2770 Jud.
1090 2718 1151 2758 De
1166 2719 1292 2758 Frabl.
1310 2718 1371 2780 De
1380 2715 1505 2821 ἒξῖνᾶ,

1326 2790 1374 2822 nl
1412 2791 1424 2820 l
1447 2791 1500 2821 0‘·
