1932 3319
411 324 952 374 AEGROT.ET
1013 324 1209 372 SAN.
1351 343 1436 389 131

150 453 327 505 ratione
354 457 400 507 in
426 460 687 524 Hegefippi
711 458 987 522 odontalgia
1010 461 1043 485 ¹⁷
1082 476 1255 514 υπνικον,
1276 456 1448 505 somni-

79 549 83 552 ’
144 529 497 599 ferumnempe
541 535 638 582 auri
680 534 888 581 inditum
936 533 1071 581 fuiffe
1095 533 1230 580 dixit.
1303 533 1447 580 Plan-

149 617 248 652 tam
295 606 490 673 insuper,
539 625 683 672 quam
726 609 891 655 Graece
929 626 1070 673 μηνίων
1109 605 1298 669 scripsit,
1352 607 1450 652 Pa-

144 690 293 740 paver
318 683 457 729 nostri
478 696 683 739 vertunt,
721 680 963 745 perspicue
989 680 1252 727 nominavit
1277 697 1287 725 :
1337 696 1449 726 cum

148 769 264 801 vero
306 757 348 802 ei
396 757 626 820 purgandi
675 757 904 804 virtutem
941 755 1184 812 tribuisset,
1247 754 1450 820 aliasque

147 825 357 876 similiter
374 828 580 893 plantas,
617 828 896 876 docentibus
935 829 1138 885 Galen0‚
1182 843 1228 876 et
1272 829 1445 884 Plinio,

147 902 421 966 Antiquitas
460 905 520 952 fic
584 904 916 960 nominaverit,
976 904 1126 951 veluti
1174 903 1446 958 Titimalum,

131 968 197 1023 'et
236 978 450 1041 Papaver
473 983 698 1045 spumeum
754 978 830 1025 seu
891 980 1089 1040 Peplim,
1146 993 1313 1040 parum
1364 993 1447 1023 ex-

149 1049 259 1097 inde
307 1053 441 1102 locus
502 1054 582 1101 iste
620 1054 678 1100 ad
721 1053 1014 1116 propositum
1061 1051 1258 1099 confert.
1329 1052 1449 1097 Pro—

148 1126 256 1189 pius
282 1128 340 1174 ad
373 1129 648 1176 nostratium
673 1130 855 1194 Opium
889 1129 934 1175 in
975 1146 1030 1175 eo
1067 1129 1187 1175 libro
1221 1127 1448 1174 acceffiffe

149 1199 338 1248 videtur
356 1201 407 1258 ¹⁸,
458 1204 505 1249 in
542 1220 639 1267 quo
664 1220 775 1250 cum
801 1220 868 1260 ea,
895 1220 1002 1266 quae
1028 1216 1157 1250 utero
1182 1202 1447 1256 medentur,

149 1274 493 1336 percensuiffet‚
540 1298 634 1327 ωπον
662 1297 858 1343 μήκωνος,
892 1279 1137 1339 papa-veris
1164 1279 1342 1337 succum
1367 1291 1446 1321 ac·-

150 1348 354 1397 censuit:
412 1368 564 1415 neque
608 1354 736 1399 enirn
782 1353 930 1417 peplii
994 1353 1158 1398 succus
1199 1351 1257 1398 ad
1304 1365 1448 1413 quem

151 1421 475 1486 Hippocrates
515 1423 651 1470 usum
692 1441 748 1471 eo
802 1425 848 1471 in
889 1426 997 1472 loco
1039 1425 1213 1480 laudat,
1252 1439 1450 1485 compa-

148 1508 279 1543 ratus
304 1495 368 1542 est
387 1499 453 1543 ¹⁹:
504 1497 567 1545 est
604 1515 717 1545 vero
758 1499 794 1546 is
835 1499 955 1547 liber
997 1500 1172 1547 criticis
1197 1498 1448 1562 suspeetUS,

152 1585 240 1616 nec
279 1582 402 1618 certe
438 1586 525 1635 pro
568 1572 880 1637 Hippocratis
921 1575 1142 1623 sententia
1186 1587 1288 1620 tuto
1333 1571 1448 1618 alle-

153 1644 355 1706 gandus.

227 1800 304 1834 12.
346 1786 521 1834 Praeter
545 1805 671 1852 quae,
700 1788 986 1837 notissimum
1005 1789 1070 1837 est
1106 1806 1215 1838 eum
1252 1802 1452 1853 utroque

153 1856 416 1905 Helleboro
441 1861 549 1908 albo
572 1861 808 1918 videlicet,
835 1876 880 1909 et
900 1863 1053 1925 nigro,
1080 1863 1242 1910 locum
1267 1865 1311 1910 in
1333 1865 1447 1910 Me-

154 1930 312 1977 dicina
335 1932 526 1990 dedisse,
567 1934 933 1998 praestantiffimo
957 1936 1075 1982 inter
1100 1950 1268 1984 caetera
1291 1936 1445 1982 medi-

155 2018 387 2062 camento,
413 2008 544 2069 quod
570 2025 594 2055 a
613 2009 941 2072 Melampodis
961 2026 1080 2067 aevo,
1113 2010 1194 2073 qui
1214 2009 1354 2058 Praeti
1374 2026 1446 2055 re·-

156 2078 227 2141 gis
248 2078 366 2124 filias
392 2080 572 2126 difficili
608 2082 733 2127 rabie
760 2084 1027 2130 laborantes
1063 2083 1160 2147 ejus
1180 2084 1445 2131 interventu

156 2151 352 2207 sanavit,
379 2153 681 2200 Medicorum
706 2156 885 2212 laudes,
915 2157 1227 2220 fiduciamque
1252 2174 1444 2221 prome-

156 2224 266 2272 ruit.
336 2226 612 2274 Dolendum
638 2229 792 2276 hercle
810 2247 961 2292 pauca
981 2231 1098 2278 adeo
1116 2233 1174 2278 de
1198 2232 1442 2295 Antiquo-

158 2315 264 2345 rum
289 2299 643 2348 Helleborismo
666 2303 799 2350 nobis
842 2303 1126 2367 superfuisse,
1165 2319 1218 2353 ut
1242 2306 1359 2370 quid
1395 2305 1442 2352 in

158 2372 257 2437 ejus
283 2374 452 2420 tutiore
476 2376 556 2422 usu
583 2377 944 2425 administrando
968 2380 1172 2427 maxime
1190 2380 1441 2438 conferret,

158 2464 382 2513 magnam
407 2449 510 2497 sane
545 2465 741 2515 partem,
768 2469 850 2500 nos
875 2455 1029 2502 lateat.
1100 2456 1284 2504 Scimus
1310 2472 1441 2503 nam‘

209 2637 241 2661 ¹⁷
270 2635 383 2686 Epid.
403 2635 474 2673 VI.
494 2638 586 2687 fiH.
612 2637 664 2675 vi.

205 2696 236 2718 ¹⁸
265 2691 331 2732 De
350 2695 471 2732 [Ιζῖονῦ.
488 2696 586 2733 Mul.
614 2698 701 2735 Lib.
724 2697 778 2735 II·

207 2756 243 2797 ¹¹9
271 2754 394 2797 Conf.
414 2755 583 2804 Tralles,
608 2758 671 2808 [sss.
693 2760 764 2811 Op.
779 2759 853 2797 Sal.
874 2770 904 2797 et
923 2761 1122 2812 N0x‚fi4⁹2.
1143 2761 1167 2800 i.

728 2828 772 2873 K
811 2844 836 2875 2
1355 2843 1449 2891 que
