1932 3319
322 284 731 338 AEGROT.
804 284 933 333 ET
1003 286 1222 336 ΒΑΝ.
1335 304 1419 355 141

136 432 361 478 tenorem,
399 421 575 485 proprii
600 418 815 466 nonnulli
859 435 1194 483 puerperarum
1236 420 1429 470 affectus

138 490 395 546 incurrunt,
436 505 529 535 non
577 505 603 534 a
649 487 785 543 lacte,
820 488 948 550 quod
986 486 1176 550 plurimi
1208 486 1428 544 scribunt,

135 574 362 624 perpetuo
383 560 543 607 saltem
568 558 840 622 pendentes,
877 559 959 623 qui
997 560 1173 624 pristini
1195 559 1334 607 status
1358 576 1431 606 re-

136 635 440 683 novationem
466 650 589 700 pone
614 633 885 696 sequuntur.
942 634 1088 698 Qod
1108 635 1140 681 s1
1164 649 1259 681 non
1277 635 1436 682 omnia

137 706 185 753 in
209 722 363 771 partu,
399 721 445 753 et
476 723 619 770 quam
659 706 887 769 proximis
911 707 1063 770 partui
1086 706 1271 764 diebus,
1306 708 1435 754 ordi-

136 795 241 828 nate
278 780 549 837 acciderint,
598 780 696 826 dies
737 780 890 827 morbi
932 797 958 828 a
997 795 1135 846 partu
1159 782 1328 830 ducere
1351 800 1435 830 ne-

137 854 253 903 ceffe
279 853 359 901 est.
429 856 616 903 Revera
651 853 697 899 in
723 852 948 910 Muliere,
985 871 1092 918 quae
1123 853 1263 919 juxta
1302 855 1433 920 frigi-

136 931 246 979 dam
272 930 317 978 in
339 930 500 978 Thaso
525 931 860 986 decumbebat,
902 947 1011 977 cum
1037 949 1128 979 non
1152 933 1237 980 rite
1261 951 1436 998 purga-

136 1006 288 1054 tiones
311 1005 636 1069 procederent,
684 1021 710 1051 a
750 1018 883 1068 partu
926 1005 1078 1052 morbi
1114 1005 1212 1053 dies
1238 1007 1435 1070 Hippo-

137 1093 287 1126 crates
315 1079 595 1135 numeravit,
622 1078 804 1126 tametfi
829 1078 961 1124 tertia
974 1078 1219 1125 dumtaxat
1235 1079 1312 1125 die
1331 1096 1438 1127 eam

138 1151 282 1199 febris
310 1166 463 1208 acuta,
513 1168 625 1198 cum
649 1153 855 1208 horrore,
894 1150 1200 1213 corripuiffet.
1271 1154 1437 1216 Qod,

137 1223 171 1270 fi
194 1240 443 1287 puerperas
469 1225 608 1287 longe
635 1240 660 1271 a
692 1240 828 1288 partu
855 1236 1081 1286 aegrotare
1102 1223 1369 1287 contigerit,
1413 1241 1441 1272 a

137 1299 250 1346 novi
275 1298 430 1346 morbi
480 1298 653 1346 inditiis
690 1299 877 1346 initium
924 1298 1074 1344 rursus
1113 1291 1455 1361 Hippocrates*

135 1373 356 1435 sumpfit3
408 1387 598 1436 partum
640 1386 794 1420 tamen
837 1384 986 1428 antea,
1035 1384 1114 1418 aut
1152 1373 1369 1420 abortum
1404 1375 1438 1421 si

138 1445 364 1501 interfuit,
401 1445 564 1492 diserte
582 1446 864 1492 nominavit.
938 1447 1278 1508 Puerperarum
1312 1448 1438 1494 simi-

140 1520 247 1567 liter
272 1519 424 1566 morbi
445 1521 658 1584 plerique
678 1520 919 1583 saepiffime
945 1520 993 1566 in
1013 1520 1282 1568 criticorum
1302 1535 1438 1569 nota·

142 1593 360 1641 biliorem
391 1593 518 1640 diem
561 1595 767 1658 aliquam
805 1593 996 1649 cadunt,
1023 1594 1255 1651 Tertiam,
1285 1597 1439 1659 Qar-

143 1678 261 1723 tam,
325 1667 604 1730 Septimam,
658 1667 916 1714 Decimam
962 1680 1194 1729 quartam,
1252 1668 1439 1731 Vigefi-

141 1758 288 1799 mam,
327 1742 421 1789 &a

211 1900 258 1948 9.
296 1885 543 1947 Qantum
570 1899 706 1946 porro
732 1883 788 1930 ad
814 1883 996 1929 dierum
1021 1883 1066 1930 in
1091 1886 1270 1932 morbis
1296 1886 1437 1934 inter-

142 1958 270 2004 valla
294 1958 508 2020 pertinet,
569 1958 626 2004 ad
666 1960 937 2004 accessiones
984 1957 1097 2004 item
1143 1959 1439 2022 respexerunt

142 2031 365 2095 plurimi;
394 2031 576 2076 dierum
601 2031 818 2076 solarium
839 2031 1069 2077 rationem
1084 2032 1320 2081 iniverunt
1347 2035 1439 2092 alii,

142 2105 421 2152 morborum
463 2104 558 2150 dies
600 2103 771 2164 viginti
808 2117 854 2149 et
905 2118 1131 2167 quattuor
1172 2107 1294 2155 horis
1349 2109 1441 2156 cir-

144 2177 539 2231 cumscribentes;
576 2177 864 2224 medicinalem
900 2178 994 2224 alii'
1014 2179 1164 2227 rursus
1198 2181 1443 2246 proprium

144 2253 404 2317 quemdam
443 2252 566 2298 diem
606 2252 957 2299 constituerunt.
1031 2255 1140 2317 Qa
1165 2255 1362 2318 quidem
1393 2257 1441 2304 in

144 2343 191 2374 re
212 2327 577 2390 antiquissimum
593 2325 906 2390 Hippocratis
931 2326 1110 2374 dietum
1131 2328 1289 2388 exstat,
1311 2346 1441 2376 mor-

147 2400 194 2446 bi
223 2400 440 2446 nimirum
461 2400 560 2446 dies
582 2399 774 2462 integris
797 2400 954 2446 exacte
974 2399 1141 2448 diebus
1165 2402 1441 2466 neutiquam

100 2509 101 2516 ,
147 2472 380 2519 numerari
405 2471 546 2534 poffe,
584 2471 710 2534 quafi
736 2483 1016 2534 perpetuum
1041 2472 1157 2535 quid
1200 2473 1271 2520 his
1308 2474 1440 2532 desit,

146 2546 276 2609 quod
298 2561 376 2592 eos
402 2560 510 2590 cum
548 2545 771 2592 solaribus
799 2545 964 2592 diebus
990 2546 1197 2594 conferre
1219 2548 1442 2611 prohibe-

148 2634 210 2668 at.
283 2623 445 2686 Qam
471 2620 532 2669 ob
560 2620 741 2669 causam
773 2621 1101 2672 medicinalem
1126 2624 1255 2672 diem
1275 2624 1442 2685 viginti

1294 2697 1442 2745 tribus
