1932 3319
407 286 501 334 166
636 286 751 333 DE
806 283 1445 334 VIT-PERIOD.

474 433 555 481 23.
593 420 770 483 Neque
802 409 1109 481 Sydhenamii
1135 414 1586 464 animadverfionem
1615 428 1694 460 ex-

408 492 607 538 cludunt
627 492 917 538 diuturniora
933 489 1184 553 aliquando
1201 491 1550 553 Qartanarum
1569 500 1693 533 tem-

404 579 544 627 pora:
614 565 646 612 s1
694 565 886 627 quidem
934 564 970 609 is
1014 563 1222 610 similiter
1263 561 1502 626 grassantis
1542 559 1694 608 morbi

407 650 543 684 tenor
569 639 637 694 sit,
681 652 731 684 ut
773 638 896 685 ultra
916 636 1171 686 Decimam
1209 650 1427 701 quartam
1463 635 1559 698 ejus
1587 633 1695 682 anni

406 709 557 758 febres
601 713 838 774 pleraeque
886 711 1209 774 porrigantur:
1258 711 1389 774 quod
1435 709 1618 773 insuper
1673 723 1700 753 a

404 799 552 846 pravo
595 785 824 848 regimine
866 784 964 831 fieri
991 786 1115 847 poffe
1141 784 1366 832 credibile
1405 784 1484 830 est.
1557 783 1700 829 Certe

406 860 742 906 nonnullorum
765 863 1016 907 Annorum
1041 862 1296 924 Qartanae
1315 858 1590 921 longiffimae
1615 871 1701 901 na-

403 943 508 975 tura
531 930 608 975 sua
627 931 745 985 sunt,
765 930 913 977 veluti
952 930 1268 991 pestilentialis
1293 946 1365 985 ea,>
1391 944 1534 990 quam
1547 926 1701 974 Annis
1751 933 1754 936 ’

411 1017 430 1047 1
442 1017 503 1063 54
510 1015 534 1062 5
563 1017 609 1047 et
627 1003 689 1058 46
717 1001 999 1064 Hispaniam
1019 999 1276 1048 vastantem
1290 1000 1521 1064 descripsit
1541 1000 1701 1047 Perei-

404 1091 471 1131 ra,
489 1077 847 1138 aegrotantibus,
890 1091 1114 1138 magnam
1149 1089 1346 1139 partem,
1393 1075 1582 1122 decimo
1624 1074 1705 1121 ad-

404 1161 628 1194 ventante
653 1147 838 1215 mense&
850 1149 924 1195 vel
939 1147 1136 1213 jamque
1159 1160 1371 1197 vertente
1400 1163 1523 1195 anno
1557 1163 1583 1196 e
1606 1146 1704 1194 vita

405 1214 740 1278 migrantibus.

479 1364 557 1408 24.
586 1348 774 1414 Qibus
796 1349 959 1397 similia
976 1351 1201 1415 podagrae
1220 1349 1413 1397 insultus
1434 1348 1704 1406 ostendunt,

410 1437 615 1484 quorum
642 1421 858 1484 periodos
886 1422 1018 1486 supra
1042 1424 1186 1470 etiam
1210 1423 1523 1470 laudavimus.
1596 1422 1707 1469 Sive

411 1494 540 1540 enim
565 1495 936 1557 paroxismorum
978 1495 1095 1542 inter
1138 1495 1182 1542 se
1215 1496 1575 1551 commistiones,
1623 1494 1706 1558 qui

409 1583 530 1631 pene
574 1585 738 1614 omnes
779 1585 832 1615 ea
870 1569 1195 1615 invaletudine
1220 1582 1458 1633 correptos
1492 1568 1592 1632 pari
1632 1585 1708 1616 or-

410 1641 520 1686 dine
562 1654 607 1686 et
647 1642 817 1688 inceffu
859 1642 1096 1704 affligunt,
1138 1642 1404 1706 singillatim
1429 1642 1709 1706 speftentur,

413 1713 509 1758 sive
552 1727 676 1759 totus
717 1715 869 1761 morbi
908 1732 991 1778 per
1031 1717 1178 1763 vitam
1203 1716 1437 1772 decursuS,
1475 1728 1605 1763 tanta
1645 1715 1711 1762 est

415 1787 626 1851 undique
653 1788 698 1834 in
724 1802 824 1835 toto
850 1790 1016 1836 morbo
1040 1790 1291 1847 consensio,
1334 1804 1387 1836 ut
1426 1806 1588 1837 omnes
1625 1783 1712 1853 Pa-

414 1860 724 1906 roxisinorum
760 1877 843 1923 per
886 1861 1036 1908 vitam
1072 1862 1327 1909 invasiones
1351 1864 1544 1910 unicum
1568 1863 1710 1910 dum·

410 1946 539 1980 taxat
577 1936 797 1982 morbum
839 1934 1077 1984 absolvere
1101 1937 1365 1995 videantur,
1397 1935 1530 2000 cujus
1555 1950 1710 1984 tamen

413 2020 633 2071 tempora
655 2008 816 2055 diffitis
841 2010 980 2072 longe
1008 2009 1125 2055 inter
1155 2009 1198 2055 se
1232 2010 1567 2058 acceffionibus
1593 2007 1717 2060 con?

415 2082 550 2129 stent.
624 2085 786 2144 Quare
827 2098 874 2130 et
919 2083 1076 2130 futura
1121 2084 1438 2131 recidivarum
1482 2100 1712 2149 tempora,

421 2173 677 2221 earumque
726 2158 922 2216 exitum,
980 2158 1197 2205 ordinate
1240 2159 1478 2222 affligente
1519 2163 1710 2219 morbo,

416 2243 570 2291 neque
612 2230 701 2276 alia
736 2231 1014 2293 aegritudine
1058 2231 1387 2289 interturbato,
1434 2231 1554 2296 saepe
1595 2251 1714 2299 prae·

418 2300 578 2347 dixisse
615 2302 805 2351 scientes
829 2304 1048 2351 Medicos
1082 2305 1303 2362 vidimus,
1339 2323 1514 2369 magna
1554 2307 1601 2355 in
1644 2309 1713 2358 his

423 2375 725 2436 periodorum
752 2378 985 2426 constante
1021 2379 1214 2437 fiducia,
1248 2393 1293 2428 et
1317 2383 1690 2431 confirmatione.

499 2520 526 2551 α
537 2520 578 2569 5.
623 2509 800 2556 Verum
826 2524 877 2558 ut
902 2513 957 2559 ad
984 2514 1354 2562 Intermittentes
1392 2529 1614 2572 revertar,
1656 2516 1714 2563 il-

422 2578 507 2624 lud
534 2579 651 2625 inter
675 2597 839 2630 caetera
872 2584 1102 2649 sapienter
1148 2605 1173 2635 a
1198 2589 1337 2636 Celso
1375 2591 1555 2638 dietum
1581 2607 1712 2638 acce·

418 2651 589 2713 pimus,
626 2654 704 2701 diu
732 2659 1061 2717 aegrotantium
1086 2661 1294 2711 interesse
1319 2663 1416 2728 ejus
1433 2666 1522 2713 diei
1546 2666 1712 2712 memi-

1586 2739 1717 2799 nisse,
