1932 3319
408 280 780 330 AEGROT.
837 282 954 332 ET
1014 282 1206 333 SAN.
1364 298 1455 333 201

174 410 354 462 Verum
374 425 504 463 tanta
523 415 844 481 exemplorum
864 413 1089 480 ejusmodi
1108 413 1243 478 copia
1259 404 1464 478 ab'Hip‚

172 499 362 550 pocrate
385 490 444 537 ad
466 490 566 539 haec
590 491 735 556 usque
758 504 972 555 tempora
998 489 1216 553 suppetit,
1243 501 1297 535 ut
1322 504 1465 553 prop-³

175 573 243 609 ter
283 562 402 612 istud
442 567 649 618 maxime
688 566 862 628 dzfficile
892 565 1112 628 judicium
1146 563 1466 627 Hippocrates

173 635 333 685 dixisse
353 640 594 690 videatur:
625 641 866 698 nimirum,
892 641 1022 707 quod
1043 640 1166 688 recta
1181 638 1370 687 sanandi
1387 638 1467 685 via

172 710 254 759 vix
291 725 394 760 tuto
436 731 461 761 a
494 715 779 763 Morborum
814 714 1125 763 sanationibus
1149 712 1268 760 sumi
1303 713 1466 777 poffet,

172 785 561 849 quandoquidem
579 790 743 845 multa,
769 788 885 851 saepe
918 790 1134 844 nimium,
1152 799 1314 840 contra
1336 787 1464 834 Artis

170 857 355 920 regulas
382 858 430 905 in
468 861 648 908 morbis
673 875 867 924 patrata,
925 879 1019 910 non
1046 862 1199 908 adhuc
1225 861 1466 907 Naturam

167 929 312 986 sanari
331 932 572 987 volentem
595 934 866 987 excludunt.

249 1101 267 1132 1
288 1102 329 1135 1.
366 1086 753 1135 Efficacisfimum
777 1086 1082 1135 nihilominus
1098 1085 1360 1134 Medicinae
1383 1102 1468 1149 ge-

180 1173 268 1205 nus
306 1173 449 1216 extat,
487 1172 534 1206 et
574 1175 690 1213 vere·
707 1160 1001 1208 Herculeum
1023 1176 1035 1205 ι
1072 1156 1204 1221 cujus
1245 1158 1470 1205 exercitio

179 1229 264 1292 qui
283 1245 466 1288 vacant,
490 1247 581 1278 non
599 1231 670 1278 his
690 1245 813 1279 certe
837 1232 1094 1296 plurimum
1117 1230 1470 1293 Hippocraticis

114 1360 118 1363 Α
182 1308 458 1358 circuitibus
483 1311 824 1375 proficiendum
843 1311 924 1358 est.
971 1309 1213 1374 Ejusmodi
1241 1309 1343 1355 sunt
1369 1310 1473 1357 san-

182 1382 339 1444 guinis
364 1385 524 1432 crebra
553 1384 611 1431 ad
640 1384 785 1447 usque
820 1384 1095 1448 deliquium⁶
1109 1383 1252 1429 animi
1283 1383 1470 1440 effufi03

183 1455 296 1519 item
318 1457 656 1514 'arteriotomia,
702 1456 834 1521 cujus
859 1457 982 1522 apud
1007 1458 1062 1505 Ρ.
1088 1456 1338 1521 Alpinum,
1364 1458 1474 1505 Bal-

174 1658 467 1711 pharmacorum
504 1658 801 1710 praescriptione,
841 1668 879 1696 et
901 1657 1023 1696 infans
1064 1657 1213 1696 sanatus
1234 1657 1297 1695 est.
1350 1656 1484 1696 Postea

175 1717 288 1755 ctiam
308 1717 527 1769 chirurguS,
555 1718 625 1771 qui
653 1719 798 1770 primus
830 1719 965 1756 morbo
992 1728 1166 1769 praeerat,
1191 1717 1225 1755 se
1246 1717 1377 1754 eadem
1400 1729 1483 1768 per-

175 1787 294 1828 petuo
329 1777 509 1815 methodo
544 1776 708 1815 variolas
746 1778 920 1823 tractare,
968 1774 1228 1827 perconctanti
1264 1774 1358 1812 mihi
1386 1785 1485 1813 retu-

175 1837 235 1889 lit.
291 1836 517 1875 Confimiles
535 1837 774 1875 sanationum
800 1837 840 1874 in
864 1836 1020 1874 variolis
1048 1847 1209 1874 eventus
1222 1836 1380 1888 jamque
1412 1850 1487 1874 me-

176 1906 395 1940 moraverat
414 1895 710 1947 Sydhenamffls,
732 1896 856 1940 Sched.
874 1896 978 1933 Mon.
1006 1896 1047 1933 de
1066 1897 1168 1934 Nov.
1198 1895 1302 1933 Febr.
1331 1898 1487 1947 [ngr.—

176 1956 293 1995 Multi
311 1971 354 1993 ex
368 1959 415 1992 ‘iis
436 1960 496 2007 qui
515 1957 594 1995 diro
613 1957 807 1994 calidorum
838 1966 870 1994 et
895 1959 1085 2007 regiminis,
1117 1965 1149 1992 et
1167 1955 1393 1993 remediorum
1424 1972 1488 1993 uu

176 2020 395 2063 cruciantur,
426 2027 539 2054 tamen
574 2019 811 2068 convalescent
828 2033 839 2054 :
859 2032 902 2054 ex
932 2018 1082 2068 adverfh
1111 2028 1226 2055 autem
1247 2028 1279 2055 et
1294 2021 1338 2055 iis
1347 2022 1490 2070 pariter

165 2079 327 2129 filiciter
341 2078 445 2123 cedet,
468 2092 610 2128 quorum
625 2081 763 2114 curatio
777 2076 932 2113 methodo
941 2078 1050 2127 plane
1068 2082 1247 2113 contraria
1266 2087 1491 2121 tentatur-f—
1507 2102 1509 2104 -

179 2137 244 2175 An
264 2149 341 2174 non
360 2135 472 2174 etiam
497 2135 658 2174 miliaria
683 2137 953 2182 exanthemata
970 2134 1010 2172 in
1038 2134 1158 2173 acutis
1176 2134 1316 2172 morbis
1331 2135 1490 2173 studiose

181 2207 339 2239 movent
358 2196 493 2235 medici
516 2196 595 2246 alii,
629 2208 699 2245 nec
717 2194 785 2232 nifi
804 2194 946 2246 piaculi
966 2196 1054 2233 loco
1084 2208 1216 2232 eorum
1250 2195 1490 2233 introversio-

181 2273 270 2297 nem
286 2259 447 2297 ducunt.
505 2258 586 2308 Qi
591 2258 614 2303 d
633 2255 799 2307 denique
824 2255 976 2308 reliqua
1005 2268 1368 2302 commemoravero,
1401 2270 1490 2309 quae

183 2320 318 2370 saepius
339 2333 416 2357 non
448 2319 523 2359 fine
552 2319 675 2364 luctu,
699 2317 910 2368 aliquando
944 2327 976 2355 ta
972 2331 1069 2355 men
1102 2316 1269 2367 impune,
1303 2317 1406 2354 circa
1432 2316 1491 2355 in·

185 2378 363 2417 debitum
377 2378 633 2417 calefacientis
667 2377 848 2424 methodi,
885 2387 922 2415 et
953 2377 1352 2428 alexipharmocorum
1383 2377 1491 2414 usum

186 2440 503 2480 committuntur:
541 2440 687 2478 tametsi
716 2438 925 2477 verendum
962 2451 1121 2491 quoque
1157 2436 1208 2474 est
1244 2451 1290 2474 ne
1322 2436 1493 2474 similiter

185 2498 300 2550 ctiam
318 2498 358 2536 in
377 2499 607 2538 contrariam
635 2510 779 2550 partem
801 2513 822 2535 a
845 2497 1038 2535 nonnullis
1065 2507 1233 2534 erratum
1266 2496 1321 2542 fit,
1349 2496 1510 2554 quibus⁴

188 2558 510 2609 contemperando
530 2570 566 2597 et
586 2551 849 2610 refrigerando
867 2569 1070 2612 nunquam
1089 2556 1176 2596 satis
1197 2555 1247 2594 est
1267 2556 1400 2594 modus
1424 2549 1492 2592 im-

187 2618 344 2674 positus.

1285 2684 1485 2745 lonium,
