1932 3319
421 298 793 348 AEGRoT.
851 297 968 346 ET
1027 297 1226 346 SAN.
1395 300 1455 362 67

238 419 303 466 D.
338 418 487 466 Multi
520 419 642 466 circa
665 416 921 466 Aramum
958 416 1206 465 undecima
1231 414 1307 462 die
1333 414 1461 478 judi-

174 491 265 540 cati
290 491 394 539 sunt
417 511 428 542 ε
462 510 614 558 neque
634 493 722 550 his,
747 507 855 556 quae
879 493 941 539 ob
957 491 1129 555 justam
1155 490 1339 538 causam
1362 491 1463 537 ficri

175 564 339 623 solent,
383 567 658 615 morborum
683 566 961 614 reversiones
1008 578 1333 613 recurrerunt:
1379 563 1464 610 sub

173 640 264 689 hoc
287 653 443 689 autem
484 656 670 706 tempus
705 641 867 688 sudore
902 640 1291 703 opprimebantur
1326 652 1467 702 arque

173 715 293 763 inter
336 715 420 763 hos
462 716 618 778 plures
642 714 791 778 pueri,
831 713 913 777 qui
949 730 1113 762 omnes
1157 714 1231 761 vel
1257 713 1467 760 maxime

174 800 326 837 morte
351 790 553 852 exempti
579 789 682 837 sunt
707 795 746 838 3.

240 933 300 981 Ε.
326 935 382 981 In
403 931 752 981 Constitutione
771 930 976 996 quadam
987 927 1290 992 judicabatur
1309 930 1467 978 morbi

177 1006 477 1063 Undecima,
504 1006 706 1055 Decima
729 1018 913 1069 quarta,
950 1003 1153 1051 Decima
1171 1004 1384 1067 septima,
1425 1016 1473 1052 et

174 1081 422 1144 Vigefima
442 1090 485 1129 4.

244 1221 301 1267 F.
327 1222 469 1267 Hanc
482 1220 600 1267 inter
620 1233 807 1267 caeteras
826 1219 942 1282 saepe
962 1218 1197 1266 laethalem
1213 1219 1339 1266 diem
1355 1217 1475 1266 dixit

179 1296 257 1343 Fr.
285 1294 642 1342 Hoffmannus:
682 1295 822 1340 Binas
862 1295 948 1339 hac
977 1294 1052 1339 die
1086 1291 1220 1339 criscs
1260 1310 1318 1339 ex
1359 1293 1473 1339 alibi

177 1369 363 1416 laudata
386 1368 716 1431 aegrotantium
754 1368 944 1412 cohorte
963 1365 1200 1428 descripfit
1224 1366 1435 1413 Forestus
1456 1384 1470 1414 ε

179 1447 294 1491 item
325 1456 372 1490 et
414 1460 469 1489 ex
508 1459 577 1499 ea,
620 1458 764 1506 quam
796 1440 1110 1489 dinumeravit
1151 1441 1225 1487 Cl.
1272 1443 1402 1506 Pecq
1427 1443 1473 1488 la

181 1520 377 1567 Cloture
414 1519 579 1565 decem
619 1531 665 1564 et
710 1518 835 1573 οᾶο,
878 1517 1127 1564 undecima
1151 1516 1243 1573 die,
1282 1516 1473 1581 judica-

182 1595 312 1644 tione
337 1592 535 1640 absoluti
576 1593 693 1640 sunt.

253 1752 295 1781 1.
335 1732 537 1792 Silenus,
576 1732 727 1796 quiin
752 1733 1028 1780 Platamone
1063 1731 1311 1781 habitabat
1331 1733 1470 1798 juxta

184 1806 425 1856 Evalcidis
444 1809 585 1863 aedes,
623 1808 873 1856 undecima
892 1811 1043 1858 morbi
1068 1812 1144 1859 die
1168 1811 1289 1859 obiit
1307 1813 1342 1860 ⁵.

253 1965 298 1997 2.
337 1951 524 2005 Homo,
567 1949 649 2013 qui
674 1949 954 1997 incalescens
978 1951 1204 2006 coenavit,
1224 1949 1474 1997 undecima

181 2022 256 2070 die
281 2036 493 2071 mortuus
517 2023 582 2069 est
614 2022 651 2069 ⁶.

253 2180 299 2227 3.
340 2161 555 2218 Melidia,
582 2178 688 2225 quae
712 2163 939 2210 decubuit
977 2163 1115 2229 juxta
1138 2161 1297 2211 fanum
1322 2165 1476 2227 Juno-

189 2238 280 2297 nis,
308 2234 520 2301 judicata
544 2236 605 2282 est
629 2236 830 2300 perfeste
855 2238 1107 2287 undecima
1136 2245 1153 2277 ⁷
1181 2240 1274 2287 die.

237 2450 253 2473 3
283 2446 370 2482 Loc.
390 2448 450 2482 cit.

236 2510 255 2532 ⁴
283 2506 396 2557 Epid.
416 2504 467 2543 V.

238 2570 251 2594 ⁵
288 2566 404 2617 Epid.
435 2565 577 2618 Lst’c‘l.
597 2563 650 2603 iii.
678 2567 793 2617 AEgr.
812 2563 851 2605 ii.

236 2627 254 2650 ⁶
283 2628 371 2665 Loc.
391 2630 452 2665 cit.
479 2628 595 2679 AEgr.
620 2625 685 2664 xii.

239 2690 254 2714 7
284 2688 372 2726 Loc.
391 2689 451 2726 cit.
482 2688 597 2739 AEgr.
626 2686 708 2727 xiv.

791 2751 830 2801 F
871 2770 897 2804 a
930 2821 937 2828 1
1197 2775 1246 2816 4.
1286 2758 1486 2821 SCOPUS.
