1932 3319
406 252 470 315 76
638 250 754 300 DE
810 250 994 300 v1T.
1054 250 1445 299 PERIOD.

459 372 516 420 B.
553 369 894 434 Delinquentes
936 369 1060 417 circa
1120 369 1276 416 edulia
1321 370 1379 416 ad
1425 367 1685 419 Decimam

393 444 655 508 septimam,
691 444 924 507 protraAEto
954 445 1018 490 ob
1052 442 1317 505 ingluviem
1339 441 1534 491 fortaffis
1549 442 1681 507 judi-

395 517 456 566 cii
476 518 572 575 die,
599 516 937 580 judicabantur
955 518 985 562 ¹.

463 666 522 713 C.
558 665 738 712 Extant
751 681 847 728 *pro
871 665 958 710 hac
992 663 1070 710 die
1094 662 1452 713 clariffimorum
1472 663 1687 712 clinico-

395 756 499 788 rum
525 740 700 804 ubique
737 739 1029 788 testimonia:
1067 739 1114 786 in
1148 755 1251 787 earn
1290 739 1454 786 incidit
1498 754 1591 785 una
1628 752 1689 783 ex

397 816 592 863 crifibus
639 834 665 862 a
693 815 886 863 Foresto
927 813 1198 876 descriptis:
1236 814 1352 862 item
1389 815 1496 862 οὲὶο
1529 812 1686 868 exiis,

345 941 347 943 ,
395 907 594 954 quarum
615 907 672 937 ex
697 890 775 937 Cl.
800 891 929 953 Pecq
953 895 999 935 la
1023 889 1219 936 Ctotuoe
1237 888 1564 937 meminimus.

465 1052 509 1085 1.
546 1039 771 1100 Evagon,
807 1038 866 1083 de
902 1053 1001 1099 quo
1040 1037 1172 1093 alibi,
1208 1049 1280 1084 ter
1313 1036 1563 1091 recidivus,
1603 1035 1691 1082 hac

395 1112 474 1170 die
493 1113 540 1159 in
563 1113 802 1174 integrum
825 1111 1007 1157 sanatus
1025 1112 1090 1156 est
1109 1116 1145 1156 ².

466 1270 513 1301 2.
548 1252 769 1317 Aglaidae
787 1252 887 1298 Fih
904 1252 962 1298 de
986 1267 1081 1315 qua
1106 1250 1240 1308 alibi,
1258 1248 1468 1299 recidiva
1491 1266 1516 1312 a
1536 1252 1692 1324 Sexta}-

388 1326 594 1391 judicio,¹
641 1327 728 1371 hac
753 1325 830 1371 die
854 1325 1093 1373 convaluit
1107 1328 1143 1372 ³.

464 1491 494 1538 3
531 1473 818 1536 Herophon,
842 1471 901 1517 de
925 1487 1022 1534 quo
1039 1469 1168 1526 alibi,
1205 1468 1442 1515 recidivus
1467 1484 1491 1514 a
1503 1465 1690 1531 judicio

398 1557 534 1590 nonae
551 1540 661 1596 diei,
698 1538 902 1586 Decima
920 1537 1116 1601 septima
1140 1537 1321 1583 sanatus
1344 1535 1407 1581 est
1424 1538 1458 1581 ⁴.

461 1706 510 1746 4.
551 1685 744 1740 Cherio‚
783 1684 841 1730 de
882 1699 979 1746 quo
1017 1683 1147 1739 alibi,
1182 1682 1416 1729 recidivus
1453 1698 1479 1727 a
1505 1679 1691 1742 judicio

397 1762 637 1825 Septimae,
663 1759 750 1804 hac
775 1757 850 1803 die
869 1756 1175 1819 supereriguit
1197 1773 1208 1800 :
1239 1755 1382 1801 febris
1409 1766 1578 1800 acuta:
1616 1754 1689 1799 su-

397 1836 558 1884 davit:
597 1851 623 1880 a
663 1831 791 1879 febre
832 1830 1092 1878 decretorie
1137 1830 1359 1877 liberatus
1390 1828 1486 1876 est:
1523 1825 1693 1891 recidit

396 1924 554 1958 tamen
580 1909 627 1955 in
642 1907 863 1954 morbum
880 1907 914 1952 ⁵.

464 2075 510 2123 5.
536 2070 583 2105 et
603 2059 649 2103 6.
676 2057 788 2101 Duo
804 2053 1005 2107 Fratres,
1027 2050 1109 2113 qui
1132 2050 1190 2096 ad
1213 2050 1448 2096 theatrum
1469 2046 1694 2110 Epigenis

398 2147 543 2189 erant,
584 2131 642 2177 de
662 2128 834 2193 quibus
857 2125 988 2185 alibi,
1033 2126 1119 2171 hac
1162 2123 1237 2170 die
1283 2120 1417 2169 fimul
1468 2119 1691 2183 convalu-

400 2220 533 2255 erunt
550 2205 584 2252 ⁶.

444 2336 456 2353 ³
487 2338 600 2388 Epid.
621 2338 698 2374 IV.

443 2399 461 2416 2
488 2395 605 2433 Conf.
635 2399 749 2449 AEgr.
771 2398 796 2435 i.
821 2398 913 2435 Diei
927 2397 959 2433 I.

442 2457 459 2480 3
488 2455 602 2492 Conf.
629 2459 747 2507 AEgr.
763 2457 816 2494 iv-
843 2459 948 2494 Diei.
973 2453 1049 2491 VI.

441 2522 461 2544 ⁴
488 2516 603 2554 Conf.
634 2519 751 2567 AEgr.
770 2531 808 2555 v.
843 2520 935 2555 Diei
967 2515 1044 2554 ΙΙΙ.

445 2582 459 2604 5
489 2575 605 2612 Conf.
632 2576 764 2626 '³AEgr.
783 2575 834 2612 vi.
871 2577 961 2612 Diei
978 2573 1077 2612 VII.

442 2630 462 2679 ‚⁶
489 2627 606 2667 Conf.
631 2629 747 2680 AEgr.
765 2626 807 2666 ii.
833 2629 924 2666 Diei
939 2627 1014 2667 VI.
1050 2635 1087 2664 et
1101 2625 1216 2677 AEg⁷·.
1234 2620 1289 2661 ἰὶί.
1323 2622 1414 2659 Diei
1426 2618 1524 2656 VII·

1415 2694 1463 2739 7.
1501 2674 1686 2724 Menon
