1932 3319
478 252 570 312 192
704 233 821 295 DE
874 233 1056 296 v1'T.
1115 232 1500 294 PER1015.-

541 396 587 445 9.
627 381 802 444 Neque
849 379 1073 427 credibile
1109 378 1173 425 est
1214 379 1504 425 Morborum
1537 373 1758 441 periodos

469 448 673 496 multum
701 448 816 494 adeo
863 463 889 493 a
922 446 1053 493 vario
1087 445 1301 493 locorum
1325 444 1476 508 pofitu
1499 441 1686 500 mutari,
1726 440 1760 487 si

466 521 658 584 quando
669 519 792 566 idem
808 533 854 566 et
869 519 1046 582 integer
1058 519 1223 565 morbu
1231 534 1266 573 S,
1280 517 1462 580 prorsus
1477 529 1576 563 toto
1587 513 1760 562 divisos

467 595 584 641 orbe
604 594 806 657 populos
827 604 1055 656 peragrat,
1083 591 1417 656 nilquidquam
1434 607 1460 636 a
1477 589 1675 652 regionis
1687 587 1760 634 Io·

468 684 542 726 co,
557 680 634 712 aut
649 667 775 713 varia
793 666 1007 730 gentium
1027 665 1215 713 vivendi
1238 663 1569 710 consuetudine
1585 662 1765 708 immu⁴

468 754 591 788 tatus
613 759 624 786 :
662 739 919 804 cujusmodi
940 757 1030 788 non
1053 757 1200 787 unum
1224 752 1351 786 extat
1375 737 1497 801 apud
1515 734 1763 800 Populari-

468 831 554 861 um
581 816 870 861 Morborum
904 815 1166 878 Scriptores
1205 812 1498 874 exemplum.
1568 810 1643 856 Sic
1669 809 1764 856 Ca-

469 887 677 934 tharralis
701 888 863 933 Febris
887 889 1016 932 Anni
1059 894 1202 947 1729,
1250 901 1357 946 quae
1393 883 1629 929 mensibus
1654 883 1765 929 No·-

468 960 664 1006 vembre
712 971 759 1003 et
799 958 1070 1004 Decembre
1113 957 1322 1021 ejusdem
1363 955 1512 1011 Anni,
1555 955 1765 1015 Hunga-

468 1033 603 1087 riam,
649 1031 920 1087 Poloniam,
963 1030 1276 1087 Moscoviam,
1320 1030 1548 1085 Daniam,
1599 1026 1766 1073 Sueci-

470 1124 564 1164 am,
603 1105 873 1162 Saxoniam,
911 1106 1155 1169 Angliam,
1199 1106 1425 1161 Galliam,
1461 1103 1764 1167 Hispaniam,

469 1182 673 1239 Italiam,
719 1197 816 1227 uno
852 1181 1017 1237 verbo,
1054 1198 1248 1228 omnem
1289 1180 1382 1228 fere
1411 1181 1652 1242 Europam
1694 1191 1766 1226 te-¹

468 1256 587 1312 nuit,
655 1256 844 1302 testibus
882 1255 1001 1319 saepe
1049 1257 1187 1303 nobis
1230 1255 1427 1303 laudatis
1466 1254 1680 1310 Loewio,
1722 1261 1771 1299 et

471 1327 794 1378 HoffmannO.
865 1328 1011 1374 Erant
1042 1328 1169 1391 apud
1205 1343 1371 1375 omnes
1409 1340 1572 1390 gentes
1605 1326 1769 1372 eadem

470 1400 666 1447 omnino
691 1400 929 1464 popularis
954 1402 1106 1448 morbi
1134 1400 1345 1464 insignia,
1389 1401 1654 1464 spontaneae
1681 1397 1768 1445 las-³

469 1473 708 1530 situdine3‚
753 1476 995 1531 insomnia,
1030 1475 1272 1522 immodici
1293 1474 1443 1532 aestus,
1473 1475 1640 1522 debilis
1659 1475 1769 1537 pul·
1799 1482 1801 1484 ’

470 1547 562 1604 sus,
601 1548 797 1605 nauseae,
857 1549 995 1595 irritae
1030 1549 1183 1605 tusses,
1240 1548 1438 1611 peetoris
1476 1548 1568 1594 live
1603 1544 1770 1610 capitis

469 1620 771 1686 gravedines,
822 1622 956 1668 anxia
987 1622 1240 1685 respiratIO,
1284 1622 1536 1683 vertigines
1569 1633 1616 1667 et
1647 1620 1769 1666 deli-

471 1696 538 1741 ria
557 1695 589 1741 ⁸.
666 1697 717 1744 In
744 1711 799 1742 eo
825 1697 1074 1743 dumtaxat
1095 1696 1324 1742 diffimilis
1350 1709 1447 1742 erat
1465 1695 1675 1753 morbus,
1717 1703 1771 1742 ut

474 1767 633 1813 mitius
674 1768 835 1814 altiora
867 1770 972 1816 loca
1007 1769 1261 1826 invaderet,
1305 1769 1480 1831 vixque
1500 1784 1617 1815 unus
1644 1769 1771 1815 Hel-

472 1839 735 1886 veticorum
763 1857 817 1887 eo
839 1855 1078 1905 correptus
1100 1841 1328 1888 interiret:
1357 1840 1548 1903 plurimi
1565 1856 1588 1886 e
1608 1854 1772 1889 contra

475 1912 599 1974 apud
627 1913 830 1974 Anglos‚
871 1914 1129 1977 Hispanos,
1170 1927 1217 1960 et
1251 1914 1434 1969 Gallos,
1474 1912 1771 1960 Parifiisim-

477 1985 660 2047 primi5‚
682 2001 737 2030 ex
776 1985 874 2048 ejus
896 1986 1127 2033 invasione
1153 1986 1324 2032 mortui
1346 1984 1462 2042 sunt,
1505 1985 1772 2034 nonnullas-

474 2074 567 2120 que
592 2058 734 2104 etiam
761 2059 1033 2106 Italicarum
1058 2059 1246 2106 urbium
1288 2057 1523 2121 insigniter
1556 2058 1772 2124 depopu-

474 2133 594 2179 latus
637 2133 718 2191 est,
780 2135 1038 2180 Ferrariam
1079 2132 1327 2198 imprimis,
1386 2146 1431 2178 et
1473 2134 1769 2194 Ravennam,

473 2205 593 2253 forte
617 2208 678 2253 ob
705 2207 783 2253 soli
807 2208 1141 2255 humilitatem.
1191 2208 1322 2255 Huic
1350 2206 1601 2254 consimilis
1642 2225 1772 2256 rnor-v

477 2276 581 2333 bus,
624 2280 769 2325 Anno
817 2283 994 2344 1733⁹>
1047 2297 1129 2344 per
1163 2293 1310 2327 totam
1342 2279 1490 2326 ferme
1531 2281 1792 2345 Europamt

479 2351 737 2409 contendit,
780 2366 827 2399 et
870 2354 928 2398 ad
958 2354 1234 2401 Americam
1281 2351 1426 2416 usque
1468 2354 1650 2401 delatus
1693 2355 1773 2403 est.

527 2521 541 2543 ⁸
572 2520 686 2561 Conf.
711 2525 869 2564 Saillant
891 2527 993 2566 Tabl.
1013 2528 1151 2577 Histor.
1171 2539 1202 2566 ct
1222 2531 1395 2580 Raifhmz.
1417 2531 1470 2566 des
1488 2530 1597 2581 Epid.

525 2586 542 2607 ⁹
571 2581 688 2619 Conf.
718 2586 802 2621 Aa
819 2589 968 2626 Edimb.
1001 2589 1096 2626 Tam.
1117 2590 1167 2627 II.
1225 2590 1396 2636 Huxam,
1428 2591 1487 2627 De
1501 2590 1590 2627 Aer.
1612 2599 1643 2626 et
1657 2586 1779 2627 Morbi

402 2702 405 2703 ⁷
473 2645 586 2698 Epid.
617 2645 665 2683 Et
681 2645 819 2697 Juffieu
839 2650 935 2700 Ylvcs.
957 2653 1055 2691 Med.
1072 2654 1196 2704 Par-y}
1217 2655 1330 2707 Prop.
1351 2656 1450 2692 Amz.
1477 2665 1585 2702 1733.

1644 2710 1772 2757 Eum

1921 3208 1932 3319 uhu-223.
1920 3169 1925 3177 ¹
