1932 3319
455 303 516 352 52
686 284 801 335 DE
853 284 1039 334 VIT.
1099 284 1490 335 PERIOD.

454 405 576 455 mius
604 405 650 453 in
674 405 849 452 vernali
875 403 1239 458 Constitutione,
1276 404 1364 451 hac
1384 402 1750 470 frequentiffime

453 478 529 526 die
549 479 885 526 decernebant:
913 479 1101 525 Sextam
1120 487 1342 539 praeterea
1361 475 1490 523 diem
1504 475 1776 548 universim‘

454 553 501 600 in
527 552 842 616 pestilentibus
869 550 1050 599 morbis
1075 550 1285 606 fatalem,
1326 549 1508 612 prolato
1533 550 1753 613 exemplo

457 625 823 673 constitutionis
874 626 1005 674 Anni
1038 628 1184 688 1528,
1229 622 1350 671 dixit
1389 626 1453 672 A.
1489 628 1566 673 M.
1593 624 1782 672 Brasa--

453 699 607 747 vola⁷.
683 702 867 749 Revera
900 701 946 747 in
989 699 1240 764 pleuritide
1290 699 1582 766 pestilentiali
1623 696 1753 746 Anni

438 765 608 836 4565,
660 772 773 820 item
793 773 838 820 in
864 774 986 837 peste
1011 767 1311 838 Ann.1‘635‚
1359 777 1504 837 1636,
1533 786 1579 818 et
1613 772 1757 833 1637,

456 847 700 911 saepiffime
725 849 851 896 sexta
875 849 974 896 dies
1000 850 1105 911 fato
1139 849 1354 911 perdebat
1378 850 1528 897 acerbo
1546 843 1562 869 ⁸
1584 864 1595 893 z
1631 846 1757 893 diar-

456 921 640 967 rhoeam
659 921 811 977 sextae,
839 935 885 968 et
910 923 1118 985 septimae
1143 923 1237 969 diei
1264 924 1477 971 fimiliter
1498 920 1690 969 fatalem
1711 920 1757 966 in

460 995 701 1056 pestilente
719 993 848 1041 febre
869 996 990 1042 vidit
1009 997 1193 1042 Pareira
1212 1015 1222 1043 t
1274 999 1446 1061 quibus
1489 1011 1599 1042 cum
1625 993 1754 1040 fimi-

457 1067 521 1113 lia
558 1065 676 1113 forte
739 1068 958 1131 exempla
995 1070 1218 1131 {Galenus
1261 1070 1460 1124 vidisset,
1504 1083 1607 1113 eam
1649 1066 1759 1113 diris

459 1139 734 1202 prosecutus
753 1141 817 1186 est
842 1140 986 1197 diem,
1028 1157 1137 1204 quae
1182 1140 1406 1203 nusquam
1435 1156 1527 1186 non
1555 1137 1759 1202 inauspi-

460 1225 567 1259 cato
607 1212 786 1259 morbis
833 1212 977 1259 finem
1021 1215 1338 1275 portenderet.
1410 1214 1649 1260 Caeterum
1684 1228 1763 1259 rne

462 1277 523 1325 ab
539 1277 636 1342 ejus
665 1279 886 1326 sententia
904 1292 1148 1326 removent
1172 1280 1501 1327 ominatiffima
1517 1279 1608 1326 alia
1624 1277 1761 1342 hujus

461 1353 552 1399 diei
569 1352 752 1416 judicia
778 1354 1066 1417 Hippocrati
1087 1354 1206 1410 satis,
1229 1355 1422 1418 aliisque
1449 1355 1655 1404 Medicis
1677 1356 1761 1402 de-

462 1426 651 1490 scripta,
675 1442 792 1490 quos
816 1426 935 1473 inter
957 1427 1015 1473 de
1040 1427 1272 1474 continuis
1299 1427 1505 1475 febribus
1525 1429 1570 1475 in
1588 1428 1764 1476 sextam

465 1498 667 1545 feliciter
693 1499 818 1544 diem
846 1500 1162 1546 desinentibus
1190 1515 1335 1563 nuper
1361 1501 1546 1548 testatus
1580 1502 1644 1548 est
1682 1501 1758 1550 Ill.

464 1572 879 1619 Zimmermannus
898 1584 934 1620 9.
1028 1575 1318 1636 Nuperrime
1363 1575 1410 1621 in
1443 1575 1611 1622 Galeni
1657 1574 1761 1622 sen-

466 1648 663 1694 tentiam
693 1649 904 1711 proxime
945 1652 1204 1696 concessisse
1250 1651 1438 1698 videtur
1473 1653 1547 1701 Ill.
1575 1651 1762 1708 Cullen,

466 1724 740 1787 nullamque
765 1724 974 1770 criticam
1001 1725 1237 1788 propriam
1266 1724 1401 1788 hujus
1441 1726 1533 1773 diei
1560 1725 1763 1790 potesta-

471 1811 568 1844 tem
590 1799 678 1844 effe
700 1798 890 1856 censuit,
925 1798 1120 1862 cuju-<fin
1140 1801 1309 1846 laevam
1329 1815 1528 1862 partem,
1575 1802 1649 1848 vel
1676 1800 1766 1848 im-

466 1870 670 1935 perfecta
699 1873 860 1920 saltem
888 1886 1112 1936 perpetuo
1135 1873 1280 1922 essent
1306 1873 1470 1922 criseos
1491 1873 1726 1937 exempla.

542 2035 582 2065 ι.
623 2019 878 2067 Thelebuli
899 2020 991 2068 Fil.
1019 2020 1141 2067 sexta
1167 2037 1192 2067 a
1211 2035 1346 2084 partu
1375 2023 1450 2069 die
1468 2025 1502 2045 '⁰
1519 2021 1712 2070 interiit.

540 2182 584 2215 2.
626 2169 984 2216 proveetioriex
1021 2170 1278 2226 Fratribus,
1322 2171 1404 2235 qui
1447 2171 1504 2218 ad
1526 2172 1761 2219 theatrum

471 2243 700 2305 Epigenis
722 2260 866 2300 erant,
889 2245 1012 2292 sexta
1037 2246 1111 2293 die
1139 2248 1346 2294 decrevit
1372 2247 1578 2302 morbuS,
1607 2247 1762 2295 subse-

472 2333 645 2380 quente
693 2322 896 2368 recidiva
922 2325 974 2370 ¹¹.

516 2494 529 2517 ⁷
559 2493 690 2530 Ccmm.
711 2498 745 2529 z'n
761 2493 858 2544 Aph.
881 2495 992 2547 Hipp.

515 2549 529 2570 ⁸
559 2549 678 2589 Conf.
712 2551 923 2589 Diemerbr.
956 2556 996 2592 de
1021 2555 1135 2604 Paeste‚
1167 2556 1200 2593 1.
1246 2564 1322 2607 cap.
1342 2570 1410 2598 xv.

514 2614 529 2635 ⁹
558 2612 628 2661 Op.
648 2614 710 2648 cit.
731 2613 841 2648 Alz'm.
875 2616 982 2664 Caus.
1006 2617 1071 2653 El.
1101 2617 1218 2655 Torn.
1240 2617 1313 2656 III.

515 2672 549 2691 ¹⁰
577 2670 691 2721 Epid.
715 2669 744 2706 Ι.
762 2672 849 2719 sct‘i‘.
872 2671 910 2709 ii.
926 2673 1021 2721 stat.
1041 2674 1100 2713 iii.

514 2733 545 2752 ¹¹
575 2731 662 2768 Loc.
682 2733 742 2769 cll·

1466 2812 1510 2859 3.
1552 2798 1752 2862 Evagon
