1932 3319
399 249 769 320 AEGRoT.
826 267 942 317 ET
1005 268 1201 317 ΒΑΝ.
1344 270 1438 334 169

154 414 234 451 aut
250 402 396 451 tribus
422 404 587 452 diebus
615 403 846 466 integram
862 401 1154 466 eruptionem
1180 399 1440 460 absolvunt,

157 492 264 539 quae
286 477 448 541 saepius
467 480 514 526 in
538 478 799 542 septimam,
825 475 1077 539 aliquando
1101 475 1242 522 etiam
1268 475 1313 520 in
1343 475 1443 522 sex-

157 561 255 596 tam
290 565 335 598 et
359 554 570 600 oftavam
607 553 733 598 diem
762 551 886 597 cadit
908 568 918 596 :
966 564 1067 596 tum
1093 566 1203 596 vero
1229 548 1274 595 in
1299 549 1446 594 unde-

157 624 329 673 cimam
381 627 524 691 usque
565 627 756 673 morbus
811 624 988 681 crescit,
1045 639 1196 688 eoque
1243 623 1448 670 maxime

156 713 368 763 tempore
404 701 450 747 in
495 700 688 764 angusto
727 716 797 746 res
835 699 929 748 est:
980 697 1252 747 Undecima
1286 711 1449 745 autem

160 772 366 828 ineunte,
409 773 675 820 secundaria
699 789 806 836 quae
830 773 1016 830 dicitur,
1063 773 1205 819 febris
1230 771 1450 827 succedit,

157 860 215 892 ex
261 861 407 908 eaque
446 846 660 892 deciduis
708 846 892 891 decima
937 858 1101 909 quarta
1138 845 1212 891 die
1259 844 1453 907 pustulis

157 917 352 965 morbus
372 918 544 968 finitur.
578 921 702 983 Qae
725 919 770 965 in
789 920 999 965 ordinate
1016 919 1300 981 procedente
1325 934 1452 964 mor·-

159 991 222 1039 bo
247 993 432 1039 evenire
457 992 619 1049 solent,
669 1010 763 1039 non
791 993 963 1056 absque
1002 1010 1172 1055 magna
1197 993 1454 1038 decretori-

160 1080 297 1112 orum
320 1065 518 1123 dierum,
561 1083 682 1129 quos
704 1066 1021 1129 Hippocrates
1047 1065 1296 1128 descripsit,
1341 1080 1456 1110 con-

162 1138 444 1187 firmatione.
520 1140 658 1187 Nihil
682 1153 845 1192 ,tamen
877 1153 1158 1203 perpetuum
1198 1140 1288 1186 hoc
1314 1138 1458 1186 etiam

165 1210 213 1258 in
238 1213 405 1258 morbo
430 1212 508 1260 est.
581 1213 888 1260 Confluentes
923 1213 1114 1260 variolae
1140 1212 1344 1259 secundo
1380 1225 1460 1260 aut

164 1284 318 1348 primo
345 1288 486 1335 etiam
510 1286 585 1333 die
627 1303 872 1350 erumpere
912 1287 1164 1349 aliquando
1190 1285 1299 1333 visae
1324 1286 1458 1333 sunt:

165 1358 344 1405 tardius
367 1360 467 1423 post
493 1362 725 1424 Quartam
753 1359 862 1406 alias
888 1360 1140 1422 prodeunt,
1184 1358 1336 1404 morbi
1361 1375 1463 1405 rna-

171 1433 284 1480 terie
308 1435 377 1480 uti
403 1433 633 1506 scribitur,
677 1433 808 1496 quafi
850 1435 910 1480 ob
932 1433 1131 1479 nimium
1162 1434 1393 1495 impetum
1418 1446 1466 1479 et

173 1505 361 1569 copiam
384 1504 572 1553 fibimet
613 1506 695 1570 ipsi
739 1523 891 1554 moras
927 1506 1160 1554 faciente:
1206 1504 1465 1569 cujusmodi

168 1581 363 1628 tardivae
403 1581 662 1646 eruptionis
710 1581 850 1628 fatale
884 1582 1169 1645 exemplum,
1219 1581 1332 1627 dum
1368 1581 1467 1628 haec

170 1654 338 1712 scribo,
387 1668 492 1702 ante
534 1656 702 1703 oculos
747 1655 915 1704 habeo.
988 1658 1095 1703 Nec
1137 1655 1332 1717 septima
1370 1655 1469 1701 dies

171 1742 402 1793 perpetuo
426 1729 624 1776 modum
646 1729 876 1792 eruptioni
898 1730 1057 1793 ponit;
1098 1744 1247 1792 neque
1272 1727 1470 1774 laethalis

173 1804 328 1851 morbi
352 1803 502 1851 exitus
527 1804 574 1850 in
599 1821 704 1851 eam
727 1805 804 1851 vel
830 1805 1160 1868 subsequentes
1186 1804 1283 1850 dies
1309 1804 1354 1850 in
1381 1820 1470 1849 un-

172 1880 407 1927 decimam
433 1878 578 1943 usque
619 1893 848 1943 perpetuo
888 1881 1031 1925 cadit.
1105 1879 1318 1925 Variolas
1357 1894 1471 1940 quas

176 1953 619 2003 Musckembroeck
679 1955 822 2000 Anno
890 1969 1014 2017 1729
1061 1954 1198 2006 vidit,
1264 1951 1472 2016 quasque

175 2028 389 2093 proxime
414 2044 523 2074 cum
547 2027 736 2074 variolis
782 2026 926 2089 nigris
955 2027 1252 2089 Sydhenamii
1278 2041 1474 2088 compa-

181 2101 317 2156 ravit,
362 2100 528 2163 quinto
553 2100 691 2146 etiam
719 2099 793 2144 die
831 2100 1025 2145 laethum
1050 2098 1349 2161 portendisse,
1395 2112 1474 2143 ac-

182 2186 366 2227 curatus
390 2173 518 2219 idem
542 2173 694 2218 morbi
713 2171 978 2220 Historicus
998 2173 1185 2217 testatus
1210 2171 1290 2218 est.
1338 2171 1475 2217 Mors

182 2249 325 2296 etiam
351 2247 398 2293 in
423 2248 674 2295 Decimam
699 2246 890 2301 sextam,
940 2260 985 2292 et
1009 2247 1055 2292 in
1092 2244 1296 2291 mensem
1332 2243 1477 2307 usque

185 2322 249 2369 est
274 2321 434 2368 dilata.
507 2322 682 2385 Neque
708 2319 945 2367 salivarem
973 2320 1150 2366 fluxum
1189 2319 1234 2365 in
1260 2318 1472 2377 Adultis,

186 2394 471 2458 fluentesque
492 2395 538 2442 in
563 2395 717 2458 pueris
752 2408 953 2449 ventres,
997 2409 1198 2457 quorum
1223 2406 1479 2456 utrumque

194 2470 431 2533 auspicato
472 2470 672 2532 persaepe
720 2468 788 2525 fit,
837 2485 894 2514 ex
933 2467 1232 2530 Sydhenamii
1279 2468 1479 2524 monitu,

191 2557 271 2591 aut
295 2544 375 2590 sub
402 2543 498 2606 ipso
524 2542 777 2606 eruptionis
802 2542 894 2600 die,
938 2555 1018 2589 aut
1059 2541 1202 2588 altero
1243 2555 1320 2589 aut
1344 2542 1483 2588 tertio

193 2617 519 2681 subsequente,
562 2617 727 2664 eodem
770 2615 815 2661 in
856 2615 1076 2662 omnibus
1112 2609 1355 2662 'beneficio
1396 2615 1484 2660 effe

196 2705 389 2743 eventus
414 2692 649 2755 probavit.
700 2691 920 2740 Tandem
946 2690 1089 2739 etiam
1112 2689 1343 2753 deciduis,
1378 2703 1486 2751 quae

434 2781 462 2824 9,
951 2823 959 2829 .
1442 2778 1487 2809 in
