1932 3319
395 270 480 316 132
617 265 732 317 DE
801 263 984 313 VIT.
1054 259 1449 310 PERIOD.

312 443 320 449 .
389 401 541 449 Febre
581 398 861 461 Epidemica
906 398 1209 450 Batavorum,
1252 391 1379 440 Anni
1427 404 1569 452 1742,
1612 387 1676 435 de

393 474 626 538 pronai-ko
652 474 708 518 ad
733 471 806 518 sex
829 469 1144 517 hebdomadas
1169 466 1350 521 morbo,
1386 463 1554 528 absque
1579 462 1680 509 sen-

395 547 514 597 fibili
565 547 662 594 crisi
703 546 815 601 ulla,
863 543 1149 607 graviffimus
1207 540 1361 588 morbi
1413 538 1552 595 testis,
1604 537 1682 585 Cl.

399 625 597 670 Home‘
645 619 858 666 narravit.
956 620 1009 666 In
1053 616 1331 680 Epidernica
1376 612 1520 669 febre,
1580 627 1685 675 quae

401 695 569 743 Galliae
595 695 640 740 in
662 692 947 756 Delphinatu
969 690 1110 737 saeviit
1125 690 1274 737 Annis
1303 703 1426 748 1779
1452 700 1496 732 et
1515 689 1593 740 80,
1618 701 1689 731 ra-

404 768 596 814 riffimas
636 766 758 812 vidit
799 764 931 810 crises
973 777 1216 809 accuratus
1258 760 1410 807 morbi
1448 758 1689 806 historicus

405 842 482 888 Cl.
508 840 676 885 Villars
691 841 724 884 4.
794 839 1026 884 Praeterea
1047 836 1256 898 Septicas
1276 833 1427 880 febres
1442 830 1693 878 univerfim

410 906 579 969 absque
629 903 855 956 coctione,
908 916 954 947 et
1011 902 1111 945 crifi
1159 899 1395 946 terminari
1443 897 1695 944 Grantzius
1748 926 1751 928 -

407 975 749 1042 pronunciavit,
778 973 968 1019 necnifi
993 989 1095 1018 raro
1121 972 1271 1018 morbi
1295 971 1589 1026 solutionem,
1614 986 1698 1032 per

408 1048 590 1103 crisem,
636 1044 969 1108 expectandam
1018 1044 1063 1090 in
1091 1043 1374 1091 Continente
1411 1042 1537 1089 febre
1591 1057 1699 1087 mo-

410 1123 511 1170 nuit
535 1121 613 1168 Cl.
655 1118 909 1180 Ludwig⁵.
980 1119 1109 1173 Vidi,
1141 1134 1249 1182 quae
1285 1117 1488 1180 superius
1534 1115 1703 1178 scripta

334 1206 346 1210 ⁴
411 1198 768 1245 confirmarent:
818 1192 949 1239 sicin
992 1192 1207 1256 populari
1234 1192 1516 1239 Autumnaii
1555 1189 1701 1245 febre,

412 1287 519 1334 quae
544 1267 780 1321 Ferrariae,
825 1268 967 1312 Anno
1007 1270 1147 1327 1782,
1197 1267 1255 1312 ab
1296 1264 1499 1328 Augusti
1537 1263 1703 1309 mensis

416 1341 549 1389 initio
570 1339 627 1385 ad
651 1356 731 1384 ver
756 1338 902 1400 usque
922 1338 1237 1401 subsequentis
1255 1338 1361 1385 anni
1387 1336 1549 1393 saeviit,
1589 1352 1701 1387 cum

414 1413 627 1478 pluribus
668 1411 714 1458 in
740 1410 1030 1458 Nosocomio
1054 1411 1449 1458 decumbentibus
1475 1410 1706 1461 militibus

414 1480 696 1535 medicinam
721 1483 938 1540 facerem,
961 1484 1276 1546 morbumque
1296 1500 1386 1531 non
1408 1500 1499 1530 una
1523 1484 1709 1544 metho-

416 1560 479 1607 do
499 1557 790 1621 aggrederer,
808 1572 1067 1619 eorumque
1085 1557 1198 1605 alios
1218 1558 1413 1603 Naturae
1435 1556 1621 1620 prorsus
1640 1556 1711 1603 sa-

343 1655 347 1659 ’
418 1634 596 1680 nandos
617 1631 983 1686 committerem,
1033 1632 1182 1678 nullas
1219 1645 1446 1692 umquam
1473 1630 1711 1676 evacuati-

419 1723 534 1754 ones
581 1705 724 1759 effatu
766 1703 953 1765 dignas,
993 1720 1199 1768 cumque
1248 1702 1437 1766 propria
1473 1703 1628 1749 morbi
1665 1717 1714 1759 et

420 1780 599 1841 integra
623 1777 852 1824 solutione
888 1775 1178 1839 conjunctas,
1219 1779 1405 1824 Natura
1429 1789 1475 1822 et
1498 1776 1712 1823 medica-

423 1865 584 1907 menta
631 1849 918 1904 afferebant3
979 1849 1240 1914 exindeque
1289 1849 1558 1912 frequentes
1599 1851 1716 1898 reci-

423 1925 562 1981 divae,
598 1923 967 1986 morborumque
1004 1925 1323 1978 conversiones
1346 1923 1567 1985 peffimae.

494 2085 540 2134 5.
577 2069 658 2117 Est
681 2082 726 2116 et
741 2068 869 2115 aliud
889 2069 1076 2116 Acrifiae
1093 2084 1259 2132 genuS,
1285 2065 1414 2130 cujus
1438 2078 1541 2113 tum
1565 2065 1717 2114 maxi-

429 2161 506 2191 me
539 2157 691 2191 metus
730 2142 876 2198 instat,
926 2159 1035 2188 cum
1060 2142 1271 2206 pluribus
1310 2135 1720 2201 fimuljudicatio-

435 2234 549 2263 num
592 2217 681 2263 viis
721 2214 898 2261 intenta
925 2217 1126 2272 Natura,
1169 2232 1251 2279 per
1284 2228 1446 2275 omnes
1486 2211 1636 2269 fimul,
1675 2226 1723 2260 et

434 2289 602 2337 eodem
656 2303 874 2350 tempore
918 2289 1134 2345 excurrit,
1190 2284 1451 2350 cujusmodi
1487 2284 1725 2334 luculenta

433 2363 608 2413 exstant
648 2362 772 2425 apud
799 2362 1153 2426 Hippocratem
1194 2358 1489 2415 testimonia:
1529 2360 1722 2426 quibust

483 2561 497 2584 ³
527 2555 641 2594 Conf.
674 2557 798 2598 Prinr.
818 2559 920 2596 Med.

481 2624 499 2648 4
525 2617 609 2667 Οᾷχζ
625 2617 664 2652 (le
682 2617 856 2666 sssIetfisztr
870 2635 934 2656 une
953 2620 1088 2659 Fievre
1100 2619 1214 2672 Epiri,

485 2681 499 2710 -5
528 2677 612 2731 [φξβ.
630 2676 727 2721 Med,
747 2677 842 2722 Οἰίνι.4
870 2680 923 2716 Ρ.
941 2679 973 2722 I,
