1932 3319
450 234 994 313 AEGRQT.ET
1051 232 1251 280 SAN.
1426 247 1479 279 11

202 361 404 411 tantium
426 375 619 424 corpore
638 355 876 422 prodiens,
900 355 1062 401 locum
1079 350 1330 398 habeant³z
1368 364 1489 412 quo-

201 452 308 484 rum
338 449 493 483 tamen
517 447 711 497 utraque
731 430 914 478 Galeno
938 426 1184 492 plusquam
1204 422 1491 487 Hippocrati

202 524 394 576 recepta
438 508 570 556 sunt:
626 508 947 571 Hippocrates
1005 518 1207 567 namque
1253 498 1490 563 judicatos

204 587 419 642 morbos,
445 583 520 631 seu
550 583 652 631 crisi
687 580 921 629 absolutos
958 595 1052 627 non
1088 577 1230 625 semel
1252 591 1336 624 eos
1359 574 1494 630 dixit,

205 660 380 724 quibus
407 671 627 706 neutrum
650 673 708 704 ex
727 655 818 703 illis
842 656 979 719 plane
1008 663 1312 715 competeret.

276 819 322 869 5.
359 805 499 852 Certe
532 806 686 862 latius,
731 817 786 851 ut
802 804 882 853 Cl.
920 800 1271 851 Galenovisum
1303 798 1385 855 est,
1422 812 1501 843 ac-

207 893 394 944 ceptam
441 882 501 928 ab
542 882 842 946 Hippocrate
877 896 1067 935 vocem,
1125 877 1164 924 is
1222 888 1328 923 ante
1387 873 1500 920 alios

209 953 389 1017 fignato
414 955 541 1018 quasi
571 955 721 1002 limite
746 954 970 1002 coercuit.
1022 955 1185 1016 Qam
1209 951 1271 999 ob
1297 948 1502 1007 causam,

212 1042 324 1073 cum
347 1027 427 1074 ille
453 1028 606 1077 crifim
646 1029 839 1094 propius
879 1027 1033 1075 morbi
1063 1027 1207 1073 finem
1232 1025 1321 1071 esse
1357 1024 1503 1070 inter-

211 1113 486 1164 pretaretur,
524 1102 766 1149 salutarem
793 1116 930 1165 atque
956 1100 1268 1148 excellentem
1287 1113 1391 1145 eam
1415 1113 1506 1159 po-

215 1173 304 1219 suit
328 1173 373 1218 in
397 1164 547 1221 subito
573 1176 780 1238 quodam
806 1174 959 1222 morbi
984 1174 1040 1219 ad
1075 1172 1322 1220 sanitatem
1344 1170 1506 1218 tranfi-

215 1259 280 1302 ta‚
318 1245 483 1309 insigni
517 1249 821 1295 evacuatione
842 1249 998 1310 aliqua
1030 1249 1322 1309 apparente⁴.
1406 1244 1505 1307 Qi

216 1337 422 1384 namque
445 1321 693 1383 paullatim
716 1321 958 1368 solvuntur
983 1321 1151 1376 morbi,
1192 1336 1342 1383 neque
1365 1319 1507 1367 effatu

220 1393 384 1456 dignas
422 1394 706 1441 mutationes
744 1395 933 1451 habent,
993 1410 1156 1441 eorum
1198 1394 1346 1442 exitus
1383 1394 1508 1441 crisi·

222 1469 308 1516 bus
333 1468 570 1516 includere
595 1470 761 1518 vetuit.

288 1615 336 1662 6.
373 1616 452 1664 Est
477 1630 524 1664 et
548 1633 674 1664 mors
694 1633 751 1663 ex
771 1616 940 1664 Galeni
958 1613 1186 1662 sententia
1210 1615 1402 1663 crifibus
1429 1615 1513 1662 ad-

223 1690 537 1737 numeranda:
575 1707 670 1737 non
696 1707 806 1738 vero
831 1691 1040 1753 semper:
1078 1690 1226 1736 veluti
1250 1689 1295 1737 in
1320 1690 1516 1737 morbo-

225 1777 331 1808 rum
365 1762 615 1827 principio.
688 1764 831 1811 Tunc
871 1763 1045 1810 etenim
1071 1764 1258 1810 Natura
1285 1763 1414 1827 quasi
1446 1763 1517 1810 in·-

227 1836 501 1898 tempestive
520 1838 576 1884 ad
597 1839 892 1901 congreffum
910 1837 1126 1894 irritatur,
1145 1852 1191 1884 et
1209 1837 1302 1884 fere
1318 1837 1518 1885 nihilum

230 1909 446 1956 obfistens
468 1910 618 1958 subita
636 1910 861 1974 frangitur
880 1911 1031 1957 morbi
1047 1910 1112 1966 vi,
1139 1927 1290 1975 neque
1304 1924 1519 1975 propter-

230 2001 286 2031 ea
316 1984 558 2048 ,legitimae
577 1987 867 2052 conversioni
891 1987 1021 2033 locus
1045 1986 1106 2032 est
1123 1989 1156 2033 ⁵.

278 2173 295 2198 ³
324 2170 440 2208 Conf.
460 2171 579 2208 Anut.
599 2169 703 2208 Foes.
721 2172 857 2209 AEcon.
876 2172 990 2224 Hipp.
1003 2184 1083 2210 voc.
1103 2189 1216 2224 κςισις.
1270 2173 1366 2210 Item
1382 2172 1472 2212 Gal.
1492 2174 1534 2212 de

227 2231 336 2271 Dieb.
356 2232 484 2272 decret.
504 2234 626 2270 Omnis
643 2234 750 2272 velox
768 2238 915 2271 mutatio
934 2234 1028 2283 crz'sts
1045 2235 1256 2286 appellatur.
1273 2234 1352 2286 Op.
1365 2235 1429 2272 cit.
1447 2235 1531 2274 Lib.

227 2292 300 2330 III.
327 2303 410 2342 cap.
432 2291 482 2329 iii.

283 2357 302 2379 4
328 2352 443 2390 Conf.
465 2352 553 2391 Gal.
584 2353 654 2391 loc.
674 2354 736 2392 cit.

284 2416 298 2440 ⁵
328 2414 515 2462 Considera
532 2413 615 2465 jam
633 2415 720 2453 mihi
738 2417 808 2453 tale
820 2417 910 2467 quid
923 2420 958 2454 in
977 2426 1109 2455 natura
1126 2416 1295 2464 accidffl,
1323 2418 1417 2467 quod
1430 2417 1538 2453 homi}

231 2472 332 2513 nibus
351 2473 498 2522 infirmis
517 2480 697 2528 contingit,
726 2480 788 2527 qui
813 2478 1060 2527 ajbrtioribus
1083 2478 1287 2530 quibusdam
1306 2477 1539 2530 intempestive

234 2536 288 2572 ad
301 2536 505 2586 congregffum
525 2541 666 2576 irritati
673 2541 864 2592 pugnando
870 2543 1105 2592 strperanlnr.
1138 2540 1269 2577 Virtus
1284 2539 1381 2577 enim
1405 2540 1538 2591 expul-

234 2593 310 2632 trix
328 2594 416 2632 facit
430 2595 570 2643 crisem,
590 2606 632 2635 ut
651 2598 687 2635 in
707 2600 926 2645 ventriculo,
943 2612 1028 2638 cum
1045 2600 1124 2649 jam
1146 2599 1270 2637 omnia
1284 2599 1321 2636 in
1346 2599 1541 2636 animantis

237 2667 392 2710 corpore
411 2658 583 2697 eoncona
600 2659 766 2700 fuerunt,
823 2661 912 2700 Gal.
938 2661 1018 2700 Lib.
1040 2662 1102 2702 cit.
1132 2674 1214 2712 cap.
1239 2660 1314 2696 viii.

1212 2741 1254 2787 7.
1296 2727 1359 2771 A.
1388 2726 1529 2774 Corn„-
