1932 3319
416 282 503 339 148
642 279 769 327 DE
836 277 1552 328 VIT.PER10D.

410 425 570 460 mento
607 414 935 475 percellantur,
976 426 1125 473 neque
1167 410 1381 474 expedite
1405 410 1559 457 dicere
1592 406 1700 471 pos-

411 485 586 540 sumus,
614 491 785 547 vixque
812 483 948 545 hujus
974 483 1064 529 loci
1101 481 1164 528 est
1188 497 1411 545 quaerere.
1479 480 1699 528 Profecto

410 574 520 606 cum
546 575 704 605 eorum
740 559 896 613 massa,
938 557 969 602 fi
1011 556 1206 620 quidem
1233 572 1341 602 cum
1367 570 1530 603 eorum
1554 554 1698 602 lumi-

409 631 546 677 nibus
573 631 854 686 conferatur,
893 628 1042 692 major
1065 629 1133 686 fit,
1167 628 1302 675 simul
1327 644 1519 692 quoque
1536 626 1697 690 sump-

407 716 476 749 tas
510 703 708 751 laterum
742 704 789 750 in
816 704 871 750 iis
899 703 1097 748 actiones
1126 703 1374 749 validiores
1400 702 1488 747 effe
1523 700 1699 747 verosi-

406 777 520 823 mile
545 777 625 834 est,
669 793 868 840 eamque
890 777 950 823 ob
977 776 1179 823 caussam
1202 775 1370 838 aegrius
1387 774 1529 829 illius,
1555 789 1700 837 quem

406 851 790 907 habent'staturm
826 850 1205 897 immutationem
1243 849 1357 911 pati,
1390 846 1587 911 plusque
1610 863 1699 893 no-

405 924 475 970 vis
514 937 733 971 motuum
776 923 993 976 seriebus,
1036 940 1179 985 quam
1217 937 1323 983 quae
1367 920 1549 982 majora
1594 920 1700 968 sunt
1752 937 1755 939 ’

407 994 528 1050 vasa,
554 995 784 1040 obsistere.
857 994 1108 1055 Propterea
1141 993 1247 1055 plus
1273 992 1418 1038 etiam
1442 992 1486 1038 in
1520 994 1698 1040 morbis

406 1068 653 1114 universim
681 1070 928 1124 laeduntur,
964 1068 1113 1131 fitque
1152 1066 1514 1130 frequentiffima
1545 1068 1593 1115 in
1624 1068 1694 1115 his

403 1142 687 1206 purulentiae
722 1142 865 1189 sedes,
936 1143 1054 1189 Huc
1093 1141 1202 1189 facit
1234 1141 1493 1189 observatio
1508 1131 1697 1190 ¹diutur-

405 1233 572 1264 norum
590 1216 884 1275 morborum,
898 1215 944 1262 in
966 1215 1139 1278 quibus
1154 1215 1385 1278 postrema
1402 1216 1521 1263 inter
1531 1231 1694 1264 omnes

403 1291 620 1339 vitalium
633 1308 917 1355 organorum
930 1292 1146 1348 actioneS,
1161 1292 1280 1339 cutis
1290 1292 1412 1339 actio
1423 1292 1694 1340 restituitur.

469 1439 516 1487 7.
558 1425 818 1473 Sciendum
859 1424 922 1470 est
953 1425 1092 1471 etiam
1125 1424 1356 1470 summam
1399 1425 1519 1472 inter
1552 1426 1697 1473 modo

403 1495 530 1542 dicta
571 1495 775 1544 febrium
808 1509 1022 1558 tempora
1060 1494 1440 1543 conformitatem
1472 1496 1696 1544 interefl'e.

405 1571 518 1632 Qo
544 1571 671 1617 enim
695 1572 1038 1632 exhorrescentiae
1074 1583 1261 1632 tempus
1285 1569 1465 1627 fortius,
1491 1587 1537 1619 et
1567 1573 1694 1619 vivi-

403 1642 509 1688 dius
537 1642 726 1705 ingruit,
771 1642 965 1689 celerius
990 1659 1178 1705 quoque
1203 1656 1369 1690 caetera
1406 1643 1545 1692 febris
1569 1658 1693 1692 tem-

400 1730 518 1778 pora
541 1716 805 1763 decurrunt.
877 1716 1165 1778 Exemplum
1190 1717 1365 1779 prostat
1402 1717 1449 1763 in
1487 1721 1692 1783 Qarta-

403 1791 489 1847 nis,
515 1809 714 1855 quarum
737 1793 1010 1838 acceffiones
1030 1790 1191 1837 misere
1216 1792 1332 1838 adeo
1352 1808 1502 1855 aegros
1527 1808 1693 1839 excru-

402 1867 544 1921 ciant,
587 1879 639 1913 ut
676 1866 722 1912 hi
765 1865 981 1928 proximo
1019 1865 1181 1912 mortis
1222 1866 1433 1928 periculo
1471 1868 1691 1915 mulctari

401 1941 663 1996 videantur,
691 1957 950 2003 eorumque
975 1938 1133 1987 fatales
1154 1940 1302 1986 exitus
1328 1941 1535 1988 ordiente
1561 1942 1691 1990 febre

403 2014 748 2076 Sydbenamius
786 2013 968 2060 viderit.
1041 2015 1109 2060 At
1157 2027 1280 2059 certe
1329 2014 1448 2061 inter
1473 2016 1690 2064 Periodi-

405 2101 564 2134 carum
606 2085 888 2149 pai-oxismos
927 2085 1062 2134 facile
1105 2086 1151 2132 hi
1185 2087 1399 2134 omnium
1439 2089 1689 2138 breviffimi

404 2159 617 2206 censendi
645 2160 761 2215 sunt,
788 2173 840 2204 ut
863 2159 1029 2204 decem
1056 2159 1304 2222 aliquando
1343 2174 1422 2207 aut
1455 2161 1561 2209 oc'to
1591 2163 1690 2212 imo

403 2234 537 2280 horas
563 2233 702 2279 etiam
732 2234 809 2279 vix
827 2233 920 2290 sex,
965 2233 1132 2296 singuli
1157 2234 1203 2280 in
1222 2236 1405 2299 integro
1437 2238 1685 2299 paroxismi

407 2306 602 2353 circuitu
628 2306 874 2353 insumant.

468 2455 493 2500 8
508 2489 518 2499 .
546 2455 719 2500 Contra
737 2470 847 2500 vero
866 2452 1120 2509 Tertiam,
1147 2470 1348 2517 quarum
1367 2456 1501 2504 simul
1528 2458 1684 2522 sump-

401 2537 476 2572 tus
501 2527 807 2572 acccffionum
845 2544 1063 2574 numerus
1098 2545 1178 2590 per
1203 2544 1342 2575 omne
1372 2530 1527 2576 morbi
1563 2544 1684 2577 tem-

401 2616 505 2662 pus,
527 2599 579 2646 iis
605 2598 755 2644 minor
774 2600 859 2646 effe
880 2602 1008 2658 solet,
1030 2602 1199 2665 quibus
1219 2603 1398 2666 integer
1417 2605 1682 2667 Qartana-

400 2689 508 2721 rum
533 2673 750 2722 circuitus
776 2674 967 2733 constat,
1008 2677 1241 2740 longiores
1277 2678 1446 2726 habent
1475 2678 1680 2742 singulo-

1577 2775 1681 2806 [Um
