1932 3319
423 291 490 339 34
656 272 770 325 DE
839 276 1485 327 VIT.PER10D.

424 394 504 451 est,
531 395 842 460 superioribus
868 397 998 443 annis
1025 397 1102 442 Cl.
1137 398 1209 443 Le
1235 399 1360 458 Roy.
1433 395 1482 444 Si
1507 412 1600 461 qua
1623 408 1721 444 ete-

423 470 523 517 nim
548 472 661 531 ulla,
701 472 779 518 ista
805 471 1018 534 expedite
1044 472 1136 526 via,
1176 469 1409 533 quicquid
1449 471 1508 518 de
1540 470 1721 535 specta-

426 545 591 592 tissima
616 546 915 609 quorundam
942 545 1125 591 dierum
1154 545 1199 591 in
1216 543 1479 607 judicando
1503 544 1725 601 efficacia,

427 619 668 684 rursusque
697 621 754 666 de
777 621 990 676 aliorum,
1017 619 1143 683 quali
1167 619 1383 676 dixerim,
1412 619 1459 665 in
1486 619 1577 665 hoc
1603 618 1730 682 ipso,

425 695 721 757 impotentia,
757 695 1082 757 Hippocrates
1110 693 1312 749 dixiffet,
1340 694 1498 758 palam
1530 691 1725 757 proferri

420 782 620 830 poterat.
711 770 959 824 Praeterea,
1018 784 1125 831 quae
1160 767 1363 830 genuina
1409 766 1724 831 Hippocratis

422 841 636 890 doctrina
659 844 717 890 de
755 842 978 889 vitalibus
1020 842 1065 888 in
1108 841 1357 905 aegrotanti
1382 841 1576 889 homine
1601 842 1725 905 peri·
1767 881 1771 885 Α

415 982 583 1021 ticorum
613 979 764 1021 dierum
783 981 877 1019 ordo
896 979 1042 1033 inquiri
1074 992 1252 1032 pote1·at;
1295 982 1609 1035 quandoquidem
1630 996 1742 1020 vero·

413 1043 532 1081 fimile
552 1044 614 1089 est,
631 1055 803 1080 errantes
822 1041 972 1079 Scribas
989 1041 1028 1079 in
1047 1042 1193 1079 caeteris
1214 1042 1464 1095 Hippocratis
1485 1043 1581 1082 locis
1602 1042 1737 1082 exscri-

414 1101 565 1146 bencus,
588 1100 741 1138 facilius
762 1100 802 1137 in
820 1099 1084 1149 pei-censendis
1104 1099 1252 1139 dierum
1282 1102 1382 1140 notis
1416 1102 1607 1140 erravisse.
1658 1102 1740 1140 Cu-

408 1159 572 1214 jusmodi
599 1157 850 1196 dubitationis
883 1172 1003 1207 genus
1033 1158 1210 1209 quisquis
1243 1161 1477 1198 considerate
1497 1160 1733 1212 probaverit,

408 1216 568 1272 jamque
605 1220 685 1268 ejus
718 1216 881 1267 judicio,
916 1227 1106 1267 perpetuo
1138 1217 1183 1254 de
1220 1217 1462 1269 Hippocrate
1507 1219 1636 1258 aetum
1672 1219 1737 1258 est.

416 1280 522 1318 Ecur
537 1279 638 1317 enim
659 1277 873 1316 erraverint
892 1276 951 1314 illi
971 1275 1009 1312 in
1029 1289 1279 1314 numerorum
1294 1279 1508 1317 recensione
1525 1278 1740 1326 dumtaxat,

414 1339 675 1391 castigatiores
696 1348 881 1375 caeterum
900 1336 940 1373 in
961 1335 1121 1388 reliquis
1147 1338 1333 1376 textubus
1354 1340 1556 1378 exarandis
1576 1342 1590 1379 ?
1650 1340 1742 1378 Pro-

414 1399 514 1438 festo
535 1397 641 1450 quod
669 1397 710 1435 in
730 1395 930 1434 nonnullis
949 1395 1176 1442 erraverint,
1193 1396 1386 1446 justiffima
1403 1398 1634 1450 scriptorum
1649 1413 1743 1437 om-

416 1459 523 1498 nium
558 1468 645 1496 aute
680 1455 878 1494 Haenium
906 1453 1067 1506 suspicio
1098 1455 1237 1503 fuerat,
1271 1471 1434 1509 eamque
1453 1459 1542 1497 satis
1563 1459 1741 1498 codicum

416 1519 580 1559 varietas
619 1529 656 1556 et
688 1516 945 1555 diffimilitudo
980 1516 1021 1554 in
1052 1517 1277 1555 universum
1309 1519 1595 1559 declaraverat:
1633 1521 1742 1573 quod

415 1592 544 1620 tamen
559 1581 702 1619 idcirco
719 1580 757 1617 in
775 1579 967 1624 omnibus,
990 1589 1055 1616 aut
1075 1593 1170 1629 pene
1189 1580 1380 1627 omnibus,
1400 1582 1469 1634 qui
1485 1583 1744 1634 singularibus

416 1642 613 1694 quibusvis
634 1640 776 1678 morbis
797 1638 947 1676 numeri
968 1639 1235 1689 adponuntur,
1275 1640 1449 1680 similiter
1467 1640 1493 1679 ii
1513 1643 1741 1690 erraverint,

416 1718 528 1742 nemo
545 1703 669 1749 facile,
703 1702 788 1739 viro
802 1700 864 1737 Cl.
883 1699 974 1737 alias
987 1700 1032 1737 de
1052 1700 1206 1749 phisicis
1224 1701 1337 1738 rebus
1352 1700 1494 1752 optime
1513 1701 1663 1747 merito,
1680 1700 1744 1737 de·

415 1765 529 1803 derit.
544 1764 675 1803 Simile
691 1760 831 1801 etenim
844 1758 1067 1798 criticorum
1084 1760 1231 1798 dierum
1244 1775 1291 1798 ex
1306 1760 1560 1811 Hippocrate,
1576 1760 1742 1812 aliisque

416 1823 594 1870 diarium,
617 1834 737 1874 utque
752 1820 918 1865 videtur,
951 1831 1037 1857 ante
1055 1820 1263 1866 Haenium,
1303 1831 1486 1871 exegerat
1500 1821 1563 1860 Cl.
1584 1820 1738 1859 Aimen.

419 1887 568 1934 Dzffirt.
595 1887 683 1922 dans
702 1885 739 1920 la
771 1882 880 1934 quelle
911 1895 952 1918 on
985 1884 1144 1918 examine
1149 1882 1190 1931 st
1211 1882 1256 1919 les
1270 1881 1379 1933 jours
1397 1883 1566 1932 critiques
1578 1885 1667 1930 sbnt
1694 1881 1742 1917 les

419 1959 537 1983 memes
555 1946 643 1981 dans
661 1958 720 1980 7205
751 1944 900 1986 elimam,
931 1940 1036 1991 qu'ils
1062 1943 1188 1977 etaient
1216 1942 1304 1978 dans
1331 1955 1429 1985 ceux,
1456 1954 1501 1979 ou
1521 1939 1745 1991 Hippocrate

419 2006 462 2040 les
482 2019 505 2040 a
521 2000 690 2053 obser-mss.
735 2001 860 2045 Paris,
888 2000 1000 2049 1782.
1058 1998 1148 2036 Dies
1176 1998 1299 2036 morbi
1326 2012 1455 2036 omnes
1480 1997 1527 2034 ad
1547 2011 1604 2035 xx
1623 1997 1746 2050 usque

420 2061 521 2099 diem
555 2058 722 2097 maxime
749 2058 1019 2104 observabiles,
1054 2068 1091 2094 et
1122 2071 1253 2096 omnes
1288 2071 1383 2108 pene
1413 2055 1557 2095 criticis
1577 2055 1743 2108 periodis

418 2119 645 2165 constantes,
677 2115 789 2155 sistit:
822 2117 980 2155 fortaffis
1013 2127 1052 2155 et
1082 2116 1122 2155 in
1156 2119 1229 2155 hoc
1267 2116 1409 2155 laboris
1443 2129 1581 2167 genere
1618 2116 1757 2155 claru-⁴

420 2191 533 2218 erunt
552 2179 631 2225 alii,
663 2191 761 2230 quos
796 2191 874 2214 non
892 2176 1075 2215 vidimus.
1131 2176 1372 2216 Confidimus
1394 2189 1522 2215 tamen
1555 2190 1631 2215 non
1662 2175 1743 2214 ina-

422 2253 506 2276 nem
526 2239 680 2289 prorsus
701 2250 856 2287 operam
886 2250 956 2275 nos
977 2237 1016 2275 in
1043 2251 1088 2275 ea
1116 2238 1248 2275 tabula
1266 2238 1498 2288 postremum
1517 2235 1744 2274 exornanda

420 2298 655 2348 impendisse,
673 2298 778 2348 quod
799 2308 835 2334 et
852 2307 1078 2335 caeterarum
1098 2297 1342 2348 copiosissima
1362 2311 1467 2334 nunc
1487 2296 1641 2334 tandem
1656 2309 1744 2346 pro·

423 2359 522 2403 deut,
552 2357 754 2408 omnisque
792 2357 1054 2407 Hippocratis,
1092 2357 1431 2408 plurimorumque
1468 2355 1538 2407 qui
1572 2356 1614 2394 in
1648 2358 1745 2396 Arte

423 2417 690 2471 praestiterunt,
714 2417 960 2456 Medicorum
980 2419 1026 2456 de
1056 2417 1197 2456 criticis
1219 2417 1442 2455 morborum
1461 2416 1627 2468 periodis
1656 2418 1744 2456 doc-

422 2478 535 2523 trina,
566 2478 705 2514 obtutu
725 2477 831 2528 quasi
852 2492 943 2525 uno,
977 2477 1016 2515 in
1050 2482 1094 2515 ea
1118 2478 1320 2516 elucescat.
1358 2475 1638 2516 Lausannenfis
1658 2477 1745 2529 qui-

423 2540 509 2576 dem
529 2535 704 2574 editionis
727 2538 811 2573 loca
838 2537 1069 2588 plerumque
1098 2535 1341 2582 retinuimus,
1370 2536 1419 2573 ob
1438 2533 1740 2588 frequentiorem

424 2595 528 2634 illius
557 2592 686 2630 usum:
729 2593 813 2629 loca
848 2603 974 2630 tamen
1005 2591 1135 2641 dubia,
1171 2602 1209 2632 et
1244 2594 1380 2644 paullo
1409 2593 1628 2634 obscuriora
1652 2605 1742 2631 curn

422 2653 601 2696 fot-fiam
622 2653 793 2691 versione
815 2653 1067 2692 contulimus.

1627 2710 1733 2758 odis
