1932 3319
473 267 565 313 186
703 263 819 313 DE
876 261 1060 315 VIT.
1119 268 1510 317 PERIOD.

468 397 815 463 interpositione
857 401 1072 447 homines
1113 401 1367 466 aliquando
1402 403 1757 466 aegritudinibus

466 471 738 530 liberantur,
775 475 804 520 s1
831 475 964 537 quid,
1007 487 1084 520 aut
1109 474 1156 520 in
1190 490 1281 521 non
1303 477 1588 525 naturalibus
1614 479 1754 527 rebus

464 560 799 609 peccaverunt,
839 550 931 595 five
956 550 1149 596 noxium
1169 550 1343 613 aliquid
1370 566 1532 597 eorum
1557 567 1753 616 corpora

467 619 676 669 infecerit
698 640 708 668 :
748 623 790 669 hi
819 625 990 671 etenim
1016 624 1244 681 ominato‚
1273 625 1577 672 convulfione
1601 626 1760 689 super-

462 695 698 751 veniente,
725 698 940 758 proximo
982 699 1152 746 morbo
1188 701 1427 753 evadunt3
1478 714 1586 762 quae
1611 699 1757 746 Cam-

465 771 564 832 peri
589 771 848 819 observatio
873 773 950 820 est.
1026 777 1186 839 Qare
1213 774 1332 821 istud
1355 775 1557 822 nervosae
1591 777 1758 837 paffio-

464 844 536 890 nis
573 861 737 907 genus,
777 846 895 909 saepe
932 848 1165 895 Foeminae
1203 848 1476 905 desiderant,
1531 849 1661 911 quod
1700 864 1757 895 eo

465 917 799 964 interveniente
839 920 896 964 ab
941 921 1163 981 inquiete,
1202 934 1247 966 et
1273 921 1498 967 sexcentis
1539 922 1761 969 aerumnis-

466 991 566 1037 aliis
591 990 830 1037 sanentur:
873 992 1034 1038 crisem
1059 993 1183 1039 enim
1211 1009 1320 1039 cum
1348 993 1649 1041 convulsione
1673 994 1757 1041 ha-

465 1066 598 1123 bent,
621 1081 818 1129 eamque
842 1082 1108 1130 propterea,
1142 1084 1248 1131 quae
1272 1068 1377 1131 plus
1402 1067 1649 1132 sagacitate
1673 1084 1756 1116 va-

464 1140 579 1196 lent,
607 1139 815 1187 actutum
842 1156 925 1203 pro
951 1142 1192 1189 voluntate
1217 1142 1468 1190 concitant.

864 1366 903 1412 C
974 1369 1022 1414 A
1091 1369 1147 1418 P.
1263 1368 1353 1416 VI.

463 1501 536 1548 De
576 1498 773 1559 confimilz'
812 1500 855 1545 in
896 1500 1076 1546 Morbis
1121 1500 1241 1562 apud
1276 1502 1551 1564 quascumque
1592 1502 1752 1549 Gentes

851 1571 1132 1619 Periodorum
1170 1575 1368 1621 Eventu.

466 1730 509 1760 1.
647 1712 1084 1777 UAMQUAM
1122 1713 1287 1771 multa,
1327 1730 1434 1777 quae
1475 1711 1611 1775 hujus
1652 1712 1748 1759 loci

681 1786 798 1843 sunt,
826 1790 885 1835 fic
902 1785 1092 1832 instituti
1118 1786 1256 1833 nostri
1278 1787 1531 1851 partitione
1555 1785 1752 1844 ferente,

461 1856 508 1903 in
535 1859 806 1908 Secundum
843 1863 1046 1911 Librum
1089 1878 1115 1908 a
1154 1862 1289 1909 nobis
1326 1860 1495 1927 rejecta
1533 1862 1637 1918 sint,
1671 1862 1752 1909 ubi

460 1933 598 1980 fimul
621 1936 895 1984 cunctorum
935 1935 1181 1983 hominum
1205 1937 1352 1984 vitam
1379 1934 1653 1993 consentire,
1693 1935 1749 1981 fi-

461 2010 659 2072 mulque
701 2013 974 2059 earumdem
1008 2011 1170 2073 legum
1197 2011 1502 2074 colligatione
1528 2009 1751 2066 constare,

461 2098 627 2130 contra
647 2086 772 2148 quod
793 2086 1116 2141 Medicorum,
1136 2098 1181 2131 et
1196 2084 1589 2148 Philosophorum
1609 2082 1750 2130 multi

460 2157 740 2217 existimant,
780 2158 960 2209 idoneis
986 2158 1270 2222 argumentis
1292 2157 1588 2221 probandum
1613 2172 1639 2202 a
1663 2171 1750 2203 no-

462 2232 532 2279 bis
559 2232 638 2288 est,
665 2233 810 2279 nihilo
834 2246 991 2280 tamen
1020 2232 1174 2278 minus
1198 2231 1440 2287 nonnulla,
1470 2229 1515 2276 in
1543 2227 1748 2276 anteces-

462 2304 578 2361 sum,
618 2305 691 2352 hic
717 2304 999 2367 subjicienda
1024 2304 1305 2352 curavimus.

532 2465 575 2497 2.
608 2452 752 2499 Latas
782 2468 949 2515 nempe
973 2451 1183 2515 primum
1206 2451 1252 2498 in
1278 2448 1581 2497 orientalibus
1605 2463 1745 2496 mun-

459 2522 510 2570 di
538 2523 706 2585 plagis,
744 2525 965 2572 medendi
1006 2526 1151 2589 leges,
1189 2522 1525 2585 subductasque
1570 2521 1746 2569 ibidem

461 2598 519 2644 ab
545 2597 836 2659 Hippocrate
874 2599 1150 2647 morborum
1182 2596 1401 2662 periodos
1439 2596 1518 2643 vix
1560 2597 1618 2641 ad
1656 2593 1743 2639 bo-

458 2672 603 2720 reales
638 2669 920 2734 frigidasque
955 2674 1165 2736 regiones
1202 2671 1453 2737 pertinere,
1493 2667 1627 2718 multi
1653 2683 1743 2728 pu·-
1791 2696 1793 2699 .

1607 2752 1740 2791 tant:
