1932 3319
377 241 747 290 AEGROT.
808 239 923 287 ET
985 236 1182 286 SAN.
1360 252 1420 303 35

120 362 221 410 odis
237 361 290 408 fit
308 361 393 408 rite
409 361 626 417 tenenda,
644 361 733 407 hoc
751 359 959 406 maxime
980 358 1124 405 modo
1140 357 1420 414 declaratur,

117 434 353 498 praecipue
379 450 490 481 cum
516 434 828 481 Medicorum
854 432 1067 495 plerique
1090 447 1197 477 eam
1235 447 1292 476 ex
1325 430 1423 477 Ga-

115 509 243 565 leno,
260 509 416 572 potius
434 525 580 571 quam
600 509 657 555 ab
672 508 967 570 Hippocrate
986 507 1169 553 sibimet
1186 503 1425 568 sumpsisse

116 582 390 631 videantur:
420 585 684 646 argumenti
705 581 918 647 profecto
939 597 1109 646 genere
1130 581 1223 628 late
1243 581 1290 627 in
1310 580 1425 627 Me-

114 657 273 706 dicina
294 659 460 715 divite,
490 670 537 704 et
558 656 852 706 feraciffimo.

502 831 860 882 DIES
1000 829 1041 876 I.

184 972 250 1020 A.
299 974 563 1038 Aliquibus
600 974 677 1021 die
703 973 832 1020 sexto
859 972 1054 1018 morbus
1079 969 1307 1027 decrevit,
1354 982 1426 1016 at-

116 1062 210 1108 que
229 1047 309 1093 ubi
330 1048 428 1094 dies
449 1048 524 1096 sex
560 1048 887 1103 intermisisset,
937 1046 1084 1092 tribus
1111 1045 1286 1091 diebus
1312 1060 1423 1106 pre-

121 1120 316 1168 hendit:
343 1137 463 1183 quos
489 1122 633 1167 etiam
662 1122 741 1168 ubi
769 1137 862 1166 uno
882 1120 956 1166 die
976 1119 1246 1182 reliquisset,
1279 1118 1428 1164 altero

119 1195 270 1242 rursus
293 1195 538 1258 prehendit
564 1199 597 1253 1,
640 1210 687 1243 et
711 1197 904 1243 morbus
920 1194 1162 1258 judicatus
1188 1193 1268 1240 est.

189 1344 245 1390 B.
290 1344 477 1408 Qibus
502 1344 717 1407 quotidie
744 1343 920 1408 rigores
948 1344 1084 1399 fiunt,
1121 1339 1333 1406 quotidie
1358 1337 1428 1386 fe-

122 1416 229 1465 bres
262 1417 504 1465 solvuntur
522 1421 558 1465 ².

191 1567 249 1618 C.
294 1567 342 1615 Si
389 1565 518 1614 febre
567 1567 831 1624 detentum,
874 1567 1114 1616 convulfio
1158 1563 1433 1630 prehendat,

126 1640 265 1690 febris
285 1641 453 1690 eodem
473 1641 567 1698 die,
595 1656 673 1689 aut
696 1641 896 1706 postero,
941 1654 1022 1689 aut
1045 1640 1185 1688 tertio
1204 1638 1368 1687 definit
1383 1640 1418 1685 '.

197 1786 262 1831 D.
290 1784 626 1832 Pestilentiales
644 1784 797 1832 morbi
818 1782 1105 1838 atrociffimi,
1127 1795 1173 1829 et
1192 1780 1331 1845 pestis
1353 1779 1433 1842 ip-

126 1858 172 1904 sa
197 1857 318 1905 intra
342 1858 469 1906 diem
496 1859 752 1923 aliquando
770 1858 997 1922 jugulant
1018 1876 1028 1904 :
1082 1858 1270 1920 hucque
1295 1870 1434 1900 vero-

128 1931 341 1979 similiter
356 1933 556 1995 pertinet
573 1933 814 1980 saeviffima
831 1933 910 1978 illa
925 1931 1267 1996 AEgyptiorum
1280 1926 1436 1990 pestis,

134 2026 241 2073 quae
267 2026 360 2055 una
399 2010 534 2055 noete
560 2026 725 2056 omnes
772 2008 1121 2072 primogenitos
1153 2005 1441 2052 familiarum

180 2205 194 2229 1
223 2196 339 2248 Epid.
368 2194 456 2232 Lib.
479 2195 617 2245 Lstvff.
639 2194 678 2232 ii.
705 2194 798 2244 stat.
818 2194 873 2233 iii.
902 2197 1002 2247 Foqfi
1059 2190 1258 2243 Ejusmodi
1290 2189 1448 2243 quidem

126 2257 281 2297 decimae
316 2255 484 2307 septimae
513 2256 588 2294 diei
613 2256 762 2307 judicia
796 2271 975 2307 magnam
1003 2254 1216 2293 indubitate
1235 2263 1382 2304 partem
1401 2249 1451 2289 ad

127 2319 334 2365 coffiones,
369 2331 486 2369 quem
517 2316 556 2355 in
584 2318 739 2356 modum
761 2318 953 2364 scribitur,
982 2316 1022 2354 in
1043 2313 1355 2353 antecedentibus
1383 2323 1449 2361 pa-

129 2379 304 2419 roxismis
326 2379 477 2417 exactas
499 2378 631 2416 referri
650 2381 824 2430 poffunt:
855 2393 943 2417 cum
978 2389 1103 2416 tamen
1137 2375 1197 2414 die
1231 2388 1309 2414 uno
1329 2373 1446 2411 inter-

130 2441 278 2480 mififfet
297 2440 468 2485 morbus,
503 2450 538 2476 et
557 2440 684 2490 postea
712 2441 840 2480 denuo
861 2438 1120 2486 reci-ualuisset,
1157 2445 1315 2488 apparet
1351 2445 1453 2470 mor-

129 2504 209 2543 bofi
240 2502 388 2553 aliquid
422 2502 548 2538 adhuc
584 2502 834 2552 superfuiffe:
864 2501 970 2554 quod
1001 2500 1167 2554 denique
1198 2496 1452 2547 subsequente

129 2565 346 2617 paroxismo
365 2562 476 2601 unius
497 2561 568 2599 diei
588 2575 634 2599 ex
655 2564 807 2616 integro
827 2564 999 2602 ablatum
1020 2562 1083 2601 est.
1138 2559 1257 2599 Conf.
1279 2556 1377 2596 Litt.
1400 2553 1452 2591 D.

184 2633 201 2652 2
227 2625 324 2678 Aph.
344 2624 497 2663 LXIII.
512 2624 606 2673 sec‘l.
624 2623 676 2662 iv.

189 2688 203 2714 3
234 2685 295 2725 EX
312 2684 405 2727 Lib.
425 2684 464 2723 de
475 2685 573 2738 Jud.
600 2694 676 2739 cap.
699 2683 766 2722 vii.
797 2684 858 2722 Μ.
879 2683 927 2722 A.
940 2681 992 2733 1Ρ.
1008 2681 1050 2721 Ρ.

705 2745 752 2791 D
795 2758 820 2790 2
1295 2746 1449 2781 exter-
