1932 3319
475 258 565 319 138
706 255 820 305 DE
875 255 1513 308 VIT.PER10D.

530 405 578 452 3.
616 391 749 453 Saepe
768 391 987 455 equidem
1006 391 1258 453 aegritudo,
1280 392 1421 440 tacite
1437 393 1649 451 illabenS,
1675 408 1758 441 an-

462 470 508 503 te
531 457 819 504 manifestam
844 457 1024 504 febrem
1046 458 1267 521 erumpit,
1307 472 1355 507 et
1378 456 1649 526 ‘priusquam
1673 462 1758 508 de-

462 531 708 589 cumbant,
750 531 917 579 morbo
941 545 1222 595 aegrotantes
1253 532 1614 582 consternant-ur.
1650 535 1751 583 Eo-

459 623 565 654 rum
591 607 730 654 etiam
755 624 847 656 non
875 608 1074 655 minima
1110 624 1214 672 pars
1248 603 1487 672 Propheta
1510 610 1759 674 plusquam

458 681 662 728 Medico
703 695 827 745 eget,
876 682 904 728 fi
932 682 1122 746 quando
1145 683 1202 729 de
1227 682 1498 731 morborum
1513 684 1756 748 principiis

458 755 585 816 apud
626 772 704 802 eos
749 755 1005 803 Medicum
1031 755 1277 819 conjectari
1314 771 1543 821 oporteat.
1616 758 1756 822 Ejus-

456 830 588 876 modi
612 830 717 877 sunt
739 830 953 887 infantes,
989 832 1139 894 pueri,
1177 830 1302 895 iique
1327 832 1503 895 quibus
1529 848 1623 879 non
1644 849 1756 880 con-

455 901 541 965 stat
565 919 712 959 mem,
761 905 971 961 hebetes,
1011 904 1143 959 tardi,
1190 905 1408 966 soporofi,
1447 906 1758 968 apoplecticiz-

455 993 575 1038 quos
600 976 723 1022 circa
747 976 864 1039 saepe
885 975 1190 1022 Medicorum
1212 976 1416 1032 interest,
1442 978 1474 1024 s1
1499 995 1591 1025 non
1618 996 1757 1027 accu-

451 1062 549 1096 rate
592 1050 743 1097 morbi
766 1051 909 1106 diem,
955 1049 1199 1113 periodum
1235 1062 1409 1107 tamen,
1457 1064 1504 1098 et
1539 1052 1755 1111 stadium,

451 1124 582 1187 quod
606 1137 708 1171 tum
728 1124 975 1188 percurrit,
996 1125 1291 1188 cognoscere.
1335 1126 1677 1189 I’uerperarum
1696 1128 1754 1175 fi-

452 1198 633 1245 militer
658 1199 836 1246 incerta
883 1199 986 1246 sunt
1024 1200 1177 1246 morbi
1199 1212 1436 1263 tempora:
1479 1202 1510 1249 s1
1548 1217 1755 1265 namque

453 1274 620 1336 elapsis
646 1274 829 1338 aliquot
846 1291 874 1321 a
891 1276 1034 1322 Partu
1055 1275 1225 1322 diebus
1242 1289 1490 1338 aegrotent,
1517 1276 1753 1340 disputant

449 1347 639 1395 Medici
689 1363 809 1395 anne
856 1365 883 1394 a
927 1349 1095 1395 Partus
1142 1349 1236 1406 die,
1278 1350 1355 1396 vel
1392 1349 1452 1396 ab
1497 1352 1752 1398 acceffione

450 1422 604 1468 morbi
637 1420 734 1469 dies
760 1435 1037 1470 numerent:
1065 1434 1220 1486 ne‘que
1240 1422 1485 1470 incelebris
1502 1423 1609 1471 hinc
1634 1424 1751 1472 inde

448 1497 536 1545 stat
561 1497 868 1544 Medicorum
893 1499 1080 1544 cohors,

515 1655 564 1698 4.
603 1637 805 1686 Plurimi
832 1653 941 1684 cum
967 1638 1128 1693 Aetio,
1178 1653 1204 1684 a
1221 1636 1445 1684 decubitu
1471 1636 1750 1684 morborum

447 1714 546 1762 dies
568 1724 840 1761 numerant:
863 1725 908 1758 at
927 1728 1006 1758 eos
1028 1710 1225 1774 quidem
1243 1711 1342 1758 falli
1363 1713 1540 1758 necesse
1560 1711 1624 1759 est
1638 1728 1760 1763 cumr

447 1789 496 1836 in
522 1790 728 1836 strenuos
754 1785 980 1850 quosdam
1013 1785 1279 1845 inciderint,
1330 1785 1390 1832 de
1424 1783 1598 1849 quibus
1622 1782 1748 1834 diffi-

446 1861 534 1907 cile
561 1861 625 1907 est
650 1860 796 1915 dictu,
825 1873 881 1904 an
907 1858 1014 1920 plus
1042 1870 1247 1905 mortem
1274 1869 1503 1914 metuant,
1552 1859 1600 1904 in
1620 1857 1749 1906 sum·

444 1951 525 1981 ma
549 1950 714 1981 eorum
744 1949 854 1996 erga
877 1932 1069 1979 morbos
1096 1931 1413 1995 despicientia,
1441 1948 1586 1997 quam
1600 1932 1752 1982 vitam

445 2020 777 2055 contemnant:
839 2006 886 2053 hi
927 2004 1103 2052 etenim
1147 2021 1243 2053 non
1289 2019 1396 2052 ante
1428 2005 1746 2068 decumbunt,

445 2085 593 2147 quam
621 2084 674 2131 iis
701 2083 759 2130 ad
783 2094 990 2129 extrema
1014 2094 1211 2129 ventum
1240 2082 1310 2129 fit.
1357 2083 1536 2144 Neque
1561 2082 1742 2130 firmior

442 2175 607 2206 eorum
633 2159 752 2205 ratio
776 2158 855 2214 est,
877 2156 957 2220 qui
975 2173 1001 2202 a
1034 2155 1396 2219 spontanearum
1414 2154 1743 2206 laffitudinum

443 2234 731 2297 primordiis,
781 2233 936 2279 morbi
984 2231 1115 2278 initia
1142 2231 1323 2278 ducunt
1343 2252 1356 2284 ;
1413 2230 1485 2276 hae
1534 2246 1742 2294 namque

445 2324 588 2371 quam
637 2308 897 2372 longiflime
946 2320 1108 2352 acutos
1151 2305 1343 2351 morbos
1377 2303 1542 2368 praeire
1573 2303 1742 2367 solent,

443 2400 699 2447 earumque
720 2383 970 2431 universim
997 2381 1260 2428 inordinata
1276 2379 1392 2427 ratio
1411 2379 1491 2426 est.
1562 2380 1740 2426 Acces-

442 2458 588 2505 siones
616 2460 773 2522 itaque
799 2459 954 2522 potius
988 2457 1033 2504 in
1055 2456 1325 2504 universum
1351 2454 1517 2502 intueri
1542 2454 1739 2518 praestat,

443 2533 568 2596 quod
611 2533 773 2578 Celsus
813 2533 1009 2587 dixerat,
1053 2533 1111 2578 ab
1140 2530 1284 2595 iisque
1310 2529 1464 2578 morbi
1496 2529 1597 2576 dies
1622 2544 1740 2576 enu-

442 2624 651 2653 merare:
702 2607 757 2653 ad
806 2624 880 2653 eas
914 2623 1118 2669 namque
1146 2606 1433 2668 potiffimum
1462 2601 1739 2666 Hippocra-

441 2681 546 2728 ticae
569 2679 822 2744 prognoses
847 2680 1085 2742 pleraeque
1117 2678 1385 2742 respiciunt.
1429 2679 1736 2754 Qamquam

1605 2763 1735 2795 emm
