1932 3319
390 298 762 350 AEGROT.
830 301 946 349 ET
1017 301 1213 350 SAN.
1355 319 1441 366 192

1422 346 1429 365 Ι

141 432 248 480 loco
285 448 379 482 non
419 434 482 482 est
507 435 780 499 perdifficile
799 437 832 491 ³,
874 434 1032 498 estque
1068 446 1312 498 propterea.
1355 451 1437 485 co·

139 506 244 553 acta
282 509 483 556 mutatio
520 509 716 572 periculi
747 509 1025 572 pleniffima.
1084 510 1254 555 Manet
1279 522 1435 554 tamen

136 577 220 625 vix
246 595 299 626 ac
330 598 386 629 ne
405 583 485 630 vix
509 584 702 646 quidem
722 583 994 629 morborum
1011 594 1225 644 tempora
1250 594 1436 643 propter

141 652 404 703 Medicinae
449 657 738 704 affitivitatem
771 655 958 714 mutari,
1001 668 1080 701 aut
1117 672 1220 702 raro
1258 655 1437 715 saitem,

137 738 193 773 ut
215 729 380 776 mortis
406 731 619 793 quidem,
639 743 718 776 aut
740 729 846 776 vitae
866 729 1085 792 'possibile
1111 729 1162 777 fit
1187 729 1360 775 cauffas
1388 730 1435 776 in

136 795 257 841 Arte
279 807 434 842 extare
453 819 468 850 3
505 797 655 842 nullas
679 812 806 842 vero.
858 809 936 842 aut
976 795 1072 842 fere
1105 795 1254 842 nullas
1279 796 1432 842 multo

137 868 385 926 celerioris,
399 883 481 917 aut
501 871 718 918 tardioris
734 870 998 917 sanationis,
1021 871 1245 918 Constans
1263 871 1437 921 etenim

138 940 256 989 adeo
279 944 479 991 Naturae
520 944 638 990 ordo
681 943 796 989 stata
835 945 1054 1007 quaedam
1097 944 1361 991 coctionum
1386 946 1434 993 in

136 1014 337 1072 morbis,
360 1028 574 1080 tempora
600 1016 738 1080 regit,
778 1031 830 1064 ut
851 1018 1090 1064 nonnullae
1114 1017 1262 1063 febres
1283 1035 1434 1081 quan-

138 1098 398 1153 tacumque
423 1103 584 1138 contra
608 1091 871 1138 adhibueris
892 1091 1111 1147 remedia,
1138 1091 1323 1154 prorsus
1349 1108 1428 1138 ce-

137 1163 248 1212 dere
273 1165 438 1223 nolint,
481 1166 565 1213 nifi
585 1166 792 1213 absoluto
811 1180 962 1222 antea,
989 1182 1132 1229 quem
1149 1166 1332 1212 Natura
1352 1166 1433 1214 fibi

136 1251 225 1299 pro
236 1237 523 1300 perficienda
538 1238 647 1285 crise
663 1240 857 1303 delegit,
871 1239 1096 1302 temporis
1113 1238 1324 1284 circuitu.
1340 1239 1435 1285 Ec-

138 1309 246 1373 quis
262 1311 387 1359 enim
413 1313 615 1360 variolas
644 1313 761 1360 intra
783 1314 992 1360 triduum
1019 1326 1096 1359 aut
1121 1312 1428 1375 quatriduum

138 1381 281 1432 sanari
324 1383 461 1442 vidit,
498 1386 739 1432 Herculea
784 1386 964 1432 tametsi
1014 1384 1260 1432 Medicina
1299 1385 1430 1431 adni-

139 1468 295 1504 tente:
343 1459 474 1521 quod
497 1459 625 1506 idem
643 1459 700 1505 de
721 1458 1119 1506 Nosocomiorum
1137 1458 1280 1515 febre,
1312 1459 1432 1506 inter

142 1542 335 1580 caeteros
360 1531 569 1588 morbos,
603 1531 788 1579 monuit
812 1531 889 1581 Ill.
917 1532 1123 1595 Pringle,

208 1679 259 1728 7.
298 1666 422 1731 Qae
446 1665 505 1712 ad
524 1667 707 1713 Acutos
733 1666 937 1713 Morbos
956 1666 1188 1728 pertinent
1208 1684 1220 1714 ι
1263 1666 1308 1711 in
1329 1664 1434 1711 diu-

140 1741 288 1787 turnis
311 1755 444 1798 ver0,
467 1739 723 1787 videndum
739 1739 951 1788 fimiliter
974 1739 1054 1796 est,
1076 1755 1132 1785 ne
1155 1739 1269 1802 quid
1296 1738 1434 1785 etiam

138 1813 345 1861 multum
359 1826 524 1876 praeter
536 1813 764 1860 rationem
783 1812 1135 1860 medicamentis
1154 1813 1431 1867 tribuamus,

141 1898 258 1933 tunc
300 1902 510 1950 quoque,
562 1902 672 1932 cum
711 1885 910 1932 validius
947 1902 1000 1931 ea
1038 1901 1171 1947 agere
1196 1897 1436 1947 putantur.

144 1959 273 2008 Cum
294 1959 472 2006 etenim
491 1975 660 2022 magna
685 1959 1016 2006 chronicorum
1036 1959 1307 2004 morborum
1332 1974 1438 2020 pars

143 2034 206 2080 ab
230 2033 445 2081 universo
470 2050 662 2097 corpore
683 2033 730 2079 in
758 2033 875 2080 illud
895 2032 1184 2096 aegritudinis
1205 2048 1349 2094 genus
1375 2032 1438 2077 ita

145 2105 366 2170 dispofito
390 2106 612 2170 pendeat,
632 2105 712 2153 vix
733 2119 859 2152 certe
883 2104 1143 2151 universam
1162 2103 1278 2150 hanc
1296 2104 1340 2150 in
1362 2104 1439 2149 ha-

146 2179 250 2231 bitu
273 2179 656 2229 immutationem
682 2195 706 2228 a
731 2178 842 2228 dato,
876 2179 1224 2234 medicamento
1263 2176 1440 2240 sperare

145 2254 404 2318 poffumus,
438 2251 572 2316 cujus
619 2251 811 2299 effectus
854 2252 947 2298 cito
987 2251 1087 2315 post
1116 2264 1437 2308 extenuantur,

148 2328 426 2377 succedente
466 2327 610 2390 priori
654 2327 700 2373 in
742 2327 956 2391 pristinos
999 2343 1151 2374 motus
1189 2328 1439 2374 tendentia.

150 2403 386 2467 Exemplo
424 2402 488 2449 est
512 2402 746 2464 Podagra.
794 2402 898 2449 Alii
925 2416 1082 2459 tamen
1107 2401 1276 2463 morbi,
1320 2417 1441 2465 quos

193 2612 210 2636 3
239 2608 357 2649 Conf.
386 2622 475 2663 quae
492 2608 676 2661 ejusmodi
695 2609 875 2661 exempla
894 2608 1110 2659 attulimuS.
1148 2607 1238 2649 Lib.
1263 2607 1315 2646 11.
1343 2608 1394 2643 P.
1415 2605 1450 2644 Ι.

142 2679 222 2726 ςαίθολ
239 2668 296 2709 iii.
313 2679 352 2710 et
368 2668 423 2717 iv,
1358 2722 1366 2728 -

734 2730 781 2780 Ο
814 2745 842 2797 3
1309 2736 1450 2770 etiam
