1932 3319
437 283 810 334 AEGROT.
872 278 987 331 ET
1047 286 1244 332 SAN.
1387 302 1475 351 147

126 408 131 411 .
182 419 425 475 rescenticmz
450 418 641 481 percelli
661 434 828 482 corpus
845 417 1047 474 videtur,
1062 416 1177 479 saepe
1196 417 1478 470 extrinsecus

185 493 390 550 advenit,
417 493 536 556 saepe
557 492 697 539 etiam
724 507 816 538 non
837 511 850 547 ;
877 492 1035 555 estque
1064 490 1349 537 internorum
1375 508 1480 539 mo-

184 577 337 622 tuum,
378 580 785 630 externorumque,
807 564 1000 627 propius
1028 565 1400 619 turbamentum,
1435 577 1480 611 et

184 640 452 689 inordinata
476 641 681 704 partitio,
707 654 759 686 ut
779 638 991 686 alicunde
1016 638 1264 693 debilitati,
1293 638 1338 684 in
1366 638 1485 684 alte«

185 729 290 762 ram
317 715 642 761 vehementius
668 726 911 761 exerantur
945 725 1143 777 partem.
1214 713 1291 760 Fit
1326 712 1485 776 itaque

184 789 442 851 Utrimque,
479 802 530 835 ut
567 789 749 835 sublato
773 788 989 835 vitalium
1031 788 1271 834 aetionum
1310 801 1357 834 et
1395 787 1485 834 cir-

184 861 510 908 cumeantium
536 862 765 925 imprimis
802 862 1057 909 fluidorum
1082 861 1370 925 aequilibrio,
1402 879 1484 908 va-

183 930 341 980 sorum*
362 947 570 981 extrema
592 935 841 998 spasmum,
881 948 926 982 et
949 936 1195 992 strieturas,
1232 953 1347 999 quas
1373 953 1484 998 pro-

183 1005 285 1069 prie
311 1007 674 1055 nominaverunt
693 1007 851 1063 multi,
874 1008 1128 1071 patiantur,
1165 1024 1315 1071 neque
1334 1009 1488 1058 ullum

187 1081 388 1143 amplius
413 1083 669 1144 permeanti
702 1082 845 1129 fluido
863 1083 1023 1130 locum
1049 1084 1162 1128 dent
1184 1098 1196 1130 ι
1222 1083 1335 1129 dum
1364 1074 1505 1131 inso—⁴

190 1152 275 1199 lita
299 1152 502 1217 jamque
525 1155 779 1202 velocitate
825 1172 908 1218 per
947 1154 1215 1218 insigniores
1269 1156 1490 1204 vasorum

191 1238 384 1273 truncos
422 1227 605 1290 sanguis
639 1228 816 1275 circum
845 1229 910 1283 it3
953 1245 1122 1291 nempe
1142 1228 1272 1291 quod
1315 1228 1490 1278 virium

187 1300 465 1347 tantundem
491 1302 531 1347 ei
555 1301 903 1365 superadditum
932 1302 1012 1356 est,
1050 1306 1278 1363 quantum
1310 1301 1373 1347 est
1398 1302 1488 1348 hu-

187 1373 402 1421 moribus
427 1374 706 1436 ademptum
745 1374 804 1420 ad
827 1373 1042 1421 vasorum
1066 1385 1276 1419 extrema
1303 1373 1490 1420 fluenti-

190 1446 296 1494 bus.
369 1449 438 1493 At
461 1462 573 1493 vero
599 1463 710 1493 cum
735 1446 942 1509 primum
969 1446 1060 1492 late
1103 1445 1150 1491 in
1188 1446 1348 1492 omnia
1386 1448 1489 1494 ani-

188 1521 326 1568 malis
345 1521 575 1568 machinae
601 1522 773 1583 puneta
798 1521 1012 1567 additum
1044 1520 1164 1567 illud
1183 1521 1295 1567 novi
1331 1534 1489 1569 motus

188 1592 517 1649 Elementum,
567 1592 659 1638 sive
708 1591 867 1639 debite
910 1606 1263 1655 contemperata
1317 1594 1492 1641 virium

189 1665 471 1722 distributio,
513 1681 719 1729 quorum
768 1666 1045 1712 alterutrum
1089 1666 1135 1711 in
1174 1664 1316 1712 febris
1358 1666 1493 1715 initio

189 1740 451 1804 posuimuS,
476 1740 718 1788 diffufibili
744 1741 953 1804 quodam
986 1739 1174 1788 stimulo
1230 1739 1387 1797 subiit,
1423 1741 1496 1787 fe-

193 1812 288 1858 bris
317 1809 520 1874 jamque
558 1813 604 1858 in
643 1813 760 1859 statu
803 1812 884 1870 est,
919 1811 1163 1875 subestque
1187 1826 1392 1874 tempus,
1432 1813 1495 1860 fic

192 1886 376 1933 dietum
411 1885 686 1933 ebullitionis.
760 1888 882 1952 Qae
919 1886 1112 1950 quidem
1147 1886 1242 1933 duo
1280 1886 1494 1934 febrium

192 1975 424 2025 tempora,
458 1961 667 2024 primum
695 1961 931 2021 videlicet,
965 1976 1011 2009 et
1047 1962 1306 2009 secundum
1342 1962 1482 2020 istud,

195 2037 524 2099 aegrotantium
551 2051 620 2082 res
647 2036 692 2081 in
735 2035 927 2098 angusto
952 2049 1155 2098 ponunt,
1181 2048 1233 2082 ut
1257 2035 1290 2082 fi
1314 2035 1489 2100 quibus

195 2108 496 2156 moriendum
543 2107 620 2163 est,
683 2107 752 2154 his
802 2109 1004 2155 maxime
1040 2109 1329 2172 temporibus
1367 2110 1490 2157 inte-

198 2195 344 2229 reant.
419 2180 716 2228 Postremum
753 2181 1080 2243 dffpumcztionis
1125 2183 1322 2246 periodo
1356 2182 1494 2230 sube-

198 2272 330 2314 unte,
373 2255 612 2318 rursusque
653 2258 936 2319 praevalente
974 2257 1158 2319 pristina
1205 2270 1251 2304 et
1289 2258 1494 2307 maxime

201 2330 378 2377 sanitati
404 2331 707 2377 consentanea
731 2332 920 2387 virium,
947 2344 1261 2396 motuumque
1297 2331 1494 2380 consue-

202 2405 387 2462 tudine,
446 2404 602 2452 denuo
649 2404 980 2468 aegrotantium
1020 2420 1090 2452 res
1136 2404 1182 2451 in
1221 2417 1325 2454 tuto
1364 2408 1494 2454 loca-

202 2493 305 2527 tur.

272 2628 321 2676 6.
355 2626 482 2674 Ecur
506 2642 618 2674 vero
641 2625 854 2674 vasorum
894 2639 1098 2675 extrema
1132 2627 1324 2685 tardius,
1350 2643 1496 2691 quam

206 2718 371 2751 eorum
405 2703 556 2751 trunci
583 2703 718 2752 austo
743 2702 916 2751 alicubi
957 2702 1182 2766 ejusmodi
1202 2717 1357 2753 motus
1385 2702 1495 2748 Ele-

830 2776 877 2822 L
912 2789 940 2829 2
1343 2788 1500 2822 mento
