1932 3319
435 259 804 308 AEGROT.
864 258 979 306 ET
1039 259 1237 305 SAN.
1417 273 1472 322 17

178 376 283 424 nis¹
328 378 372 425 in
400 377 631 443 ejusmodi
681 391 963 442 argumento
1009 376 1176 424 versati
1219 375 1338 432 sunt,
1375 377 1474 439 pri-

175 469 310 500 mum
335 468 383 501 et
408 455 597 502 tertium
621 456 869 501 dumtaxat
888 452 1201 516 Epidemiwn,
1230 465 1476 516 tamquam

175 527 538 592 Hippocraticae
561 530 768 576 veritatis
795 527 1007 576 vindices
1052 529 1345 591 adlegerunt,
1383 542 1476 573 cae-

173 605 378 643 terorum
402 597 484 644 vix
506 598 652 644 ullam
673 597 895 643 habentes
919 594 1166 642 rationem.

243 755 288 788 2.
324 742 396 788 Ea
421 742 726 790 nihilominus
752 741 977 806 ejusmodi
1003 742 1231 789 librorum
1255 741 1473 789 omnium

173 815 387 863 conditio
413 818 493 874 est,
518 816 635 864 utet
657 819 957 880 Hippocrate
981 817 1262 879 dignissima,
1290 831 1336 863 et
1360 833 1473 864 cum

171 889 529 954 Hippocraticis
555 892 734 956 scriptis
754 893 856 939 aliis
880 909 1108 956 perquam
1134 893 1472 940 consentientia

165 967 299 1029 plura
324 968 370 1015 in
410 969 455 1016 se
496 969 714 1027 habeant,
753 970 880 1034 iique
921 970 1258 1033 antiquioribus
1285 970 1470 1017 Galeno

169 1039 489 1106 scriptoribuS,
527 1045 754 1092 Erotiano
791 1045 1061 1108 imprimis²
1097 1057 1340 1107 tamquam
1383 1061 1468 1108 ge-

169 1114 302 1161 nuini
346 1117 661 1180 Hippocratis
703 1117 847 1164 foetus
884 1130 1219 1163 memorentur.
1292 1117 1384 1163 Sed
1421 1129 1471 1164 et

170 1188 396 1246 Galenus,
434 1191 614 1237 tametsi
638 1204 859 1254 quartum
885 1204 931 1237 et
955 1191 1137 1237 sextum
1172 1206 1197 1235 a
1221 1191 1466 1248 Theffalo,

167 1263 477 1327 Hippocratis
500 1267 614 1322 filio,
646 1276 856 1311 exaratos
881 1263 1010 1312 fuisse
1036 1265 1280 1327 scripserit,
1312 1267 1466 1330 (post-

167 1354 313 1402 quam
357 1339 438 1385 iste
472 1355 695 1403 magnam
737 1355 901 1385 eorum
924 1353 1109 1402 partem
1149 1355 1206 1385 ex
1253 1339 1466 1390 Parentis

168 1413 537 1470 commentariis,
585 1414 643 1460 ad
679 1413 914 1476 privatum
939 1412 1072 1459 usum
1102 1413 1339 1477 exscriptis
1379 1416 1466 1462 de-

167 1486 482 1551 prompfiffet)
521 1490 744 1551 quintum
771 1501 929 1534 autem
953 1501 998 1533 et
1022 1487 1272 1551 septimum
1299 1488 1466 1552 spuriis

164 1560 358 1609 omnino
384 1561 740 1626 adjudicaverit,
791 1562 987 1619 tametsi,
1014 1562 1226 1627 inquam,
1253 1564 1465 1614 Galenus

164 1637 308 1702 longe
328 1637 554 1701 ejusmodi
578 1638 824 1695 librorum,
852 1654 971 1701 quos
995 1637 1265 1696 citavimus,
1300 1641 1462 1688 aucto-

163 1711 354 1758 ritatem
401 1711 652 1767 minuisset,
717 1723 933 1758 accurate
974 1723 1129 1757 tamen
1175 1727 1254 1757 eos
1300 1728 1463 1762 omnes

163 1786 299 1850 legit,
326 1800 372 1834 et
389 1787 592 1850 plurima
614 1787 671 1833 ad
693 1786 922 1833 doetrinae
938 1784 1029 1832 suae
1050 1786 1459 1834 confirmationem

164 1863 399 1927 exempla,
460 1863 673 1911 adhibita
736 1863 882 1909 etiam
928 1862 1070 1908 tacita
1128 1863 1499 1922 nonnullarum}

165 1952 338 1983 vocum
381 1954 489 2000 quae
512 1937 558 1983 in
585 1936 762 1983 eisdem
787 1949 1058 1990 occurrunt,
1101 1934 1438 1997 usurpatione⁵
1442 1972 1458 1991 ‚

162 2009 383 2074 sumpsit:
440 2012 497 2058 In
538 2011 719 2059 sextum
760 2024 985 2073 praeterea
1008 2022 1354 2056 commentatus
1379 2008 1459 2065 est,

208 2153 222 2172 ¹
253 2149 371 2188 Conf.
399 2151 471 2188 Les
485 2150 598 2202 Epid.
619 2149 832 2201 d’Hippocr.
867 2157 942 2200 par
959 2148 1019 2185 M.
1037 2148 1206 2199 Demass.
1259 2149 1332 2186 Les
1349 2150 1468 2200 Prog-

152 2207 239 2258 nost.
256 2209 345 2246 dans
362 2209 408 2246 les
436 2210 533 2247 Mal.
563 2212 634 2260 aig.
668 2221 737 2258 par
757 2207 817 2246 Μ.
840 2207 896 2245 Le
919 2206 1022 2257 Roy.
1078 2208 1150 2245 Les
1168 2208 1294 2244 Oracl.
1313 2208 1354 2245 de
1383 2211 1464 2255 Cos,

152 2280 224 2318 par
243 2268 304 2308 M.
326 2269 482 2319 Aubry.
550 2268 694 2319 Neque
728 2266 839 2304 simul
871 2279 1004 2304 ornnes
1033 2264 1073 2303 in
1102 2265 1236 2303 eodem
1266 2266 1467 2305 volumine

154 2341 277 2379 nuper
294 2327 521 2379 prodierunt
540 2327 580 2365 in
615 2327 812 2365 Lausann.
835 2324 1029 2369 editione;
1063 2334 1144 2362 tum
1163 2322 1467 2374 proximioribus

152 2387 261 2427 annis
282 2387 477 2426 consimile
497 2389 542 2426 de
561 2387 637 2426 illis
653 2385 845 2438 judicium
865 2385 989 2423 tenuit
1005 2383 1096 2423 Car.
1114 2383 1281 2431 Grimm,
1300 2380 1342 2420 in
1360 2397 1466 2423 nova

153 2447 277 2498 Hipp.
298 2447 390 2486 edit.
410 2447 596 2486 German.
642 2444 883 2494 Altemberg.
919 2442 1029 2493 1781.

206 2511 223 2530 2
252 2506 370 2546 Conf.
388 2507 637 2546 Fabr.132·bl.
658 2509 780 2545 Graec.
810 2504 897 2543 Lib.
920 2503 994 2541 IV.
1013 2512 1103 2555 part
1135 2514 1190 2541 11.
1219 2510 1297 2554 cap.
1318 2500 1459 2540 xxxvi.

151 2569 261 2608 Erot.
284 2567 407 2617 Exist.
428 2568 537 2606 Vind.
556 2579 676 2605 contra
695 2567 815 2616 Mars.
837 2568 951 2616 Cagn,

206 2632 221 2655 3
250 2629 371 2666 Conf.
405 2628 513 2677 Gloffi
539 2628 712 2681 Hippocr.
751 2626 850 2664 Item
877 2627 1009 2663 Comm.
1044 2620 1084 2660 in
1113 2621 1203 2661 Lib.
1233 2621 1275 2659 de
1303 2619 1459 2658 Humor.

149 2687 263 2727 claff.
286 2689 362 2727 111.

781 2737 822 2785 C
1406 2743 1453 2779 et
