1932 3319
390 248 453 294 82
625 240 742 293 DE
800 241 1435 295 VIT.PERIOD.

460 368 506 412 8.
543 365 749 412 Abderae
772 364 991 411 Anaxion
1007 363 1249 427 Vigefim'a
1271 363 1484 411 sudavit:
1513 379 1539 410 a
1562 362 1690 412 febre

389 439 611 487 liberatus
647 440 741 487 est:
779 439 946 486 recidit
969 439 1017 486 in
1043 439 1271 486 morbum
1305 440 1357 489 ¹².

457 597 502 644 9.
541 582 830 628 Abderitana
855 581 1010 644 Virgo
1048 579 1274 644 vigesima
1315 578 1392 626 die
1421 579 1691 642 pauxillum

385 653 618 717 sanguinis
646 672 702 702 ex
729 656 916 702 naribus
944 655 1139 703 habuit:
1172 654 1337 702 sudore
1363 670 1388 700 a
1411 652 1538 702 febre
1563 654 1684 702 libe-

384 741 485 776 rata
509 728 599 776 est:
636 729 803 776 recidit
838 730 884 776 in
917 730 1137 777 morbum
1167 739 1225 780 ¹3,

456 885 531 919 10.
576 871 814 918 Maeandri
874 871 996 918 coeci
1023 873 1182 929 Uxor,
1235 871 1358 919 circa
1410 869 1685 934 vigesimam

381 943 511 990 diem
537 957 724 991 mortua
748 944 810 990 est
838 953 898 991 ¹4.
1757 948 1761 951 “

453 1101 527 1132 11.
565 1084 857 1131 Thersandri
904 1086 1045 1132 Uxor
1086 1083 1210 1132 circa
1255 1084 1548 1148 Vigefimam
1593 1101 1686 1132 non

379 1155 585 1221 perfecte
601 1155 815 1220 judicata
853 1157 915 1204 est
943 1164 1002 1204 15.

451 1315 526 1347 12.
566 1298 674 1345 Post
715 1299 966 1346 Pleiadum
1003 1298 1189 1346 occasus
1231 1298 1285 1356 is,
1325 1297 1410 1363 qui
1450 1314 1560 1346 aure
1587 1299 1682 1346 do-

377 1371 467 1419 luit
491 1372 614 1418 circa
639 1372 917 1436 vigefimam
943 1372 1090 1431 diem,
1130 1372 1288 1435 postea
1327 1388 1446 1419 voce
1488 1372 1682 1419 destitu-

376 1457 453 1490 tus
488 1444 567 1501 est,
608 1458 654 1491 et
693 1445 856 1492 dextra
895 1457 1026 1509 parte
1069 1445 1345 1508 impotens:
1382 1446 1476 1495 fine
1515 1443 1678 1494 febre:

380 1517 562 1565 sudavit
590 1524 603 1545 ¹
614 1516 653 1567 ⁶.

448 1676 525 1722 13.
565 1659 788 1718 Cuidam‚
823 1659 949 1707 Filio
995 1657 1189 1707 fortasfis
1227 1660 1490 1722 Apemanti
1534 1661 1677 1709 Soro-

375 1734 452 1789 ris,
485 1750 631 1798 quam
670 1732 717 1779 in
777 1734 944 1780 eodem
988 1746 1118 1780 textu
1153 1732 1482 1796 Hippocrates
1521 1735 1678 1782 nomi2'-

373 1822 472 1868 nat,
523 1807 751 1872 vigefima
787 1809 862 1855 die
904 1809 961 1855 ad
1000 1808 1159 1872 pedes,
1201 1821 1247 1854 et
1279 1807 1515 1870 judicatio
1553 1821 1678 1858 certe

374 1881 496 1934 laffis
521 1881 579 1929 ad
605 1880 826 1928 articulos
853 1887 914 1929 ¹⁷.

442 2039 522 2082 14.
555 2022 889 2087 Olympiodori
917 2021 1112 2069 Famula
1130 2022 1393 2086 profluente
1417 2038 1475 2069 ex
1499 2021 1675 2071 sinistra

371 2111 481 2149 nare
505 2096 751 2161 sanguine,
787 2096 1012 2159 vigesima
1043 2097 1119 2144 die
1149 2096 1362 2160 judicata
1385 2096 1449 2144 est
1472 2095 1535 2158 ξε.

412 2292 452 2313 ⁸2
479 2292 596 2343 Epid.
613 2289 688 2330 HI.
707 2293 799 2342 fic‘Z.
819 2289 874 2329 iii.
904 2289 1011 2342 AEgr.
1030 2289 1114 2331 viii.

412 2353 450 2377 ¹3
479 2350 596 2389 Conf.
617 2350 725 2403 AEgr.
753 2352 818 2391 vii.
844 2355 937 2392 Diei
953 2353 1025 2396 ΠΙ,

411 2414 451 2437 ²⁴
478 2413 593 2463 Epid.
612 2412 687 2450 IV.

411 2474 448 2497 ¹⁵
477 2472 567 2509 Loc.
586 2475 653 2510 cit.

412 2530 448 2556 ¹⁶
477 2533 569 2570 Loc.
589 2536 649 2569 cit.

411 2593 447 2618 ¹³
476 2592 564 2629 Loc.
585 2596 645 2628 cit.

411 2647 450 2700 ,¹³
467 2652 565 2691 λινε.
582 2656 647 2689 cit,

1374 2717 1394 2751 ι
1406 2716 1432 2767 5
1470 2700 1671 2758 Nicolaifl
