1932 3319
427 255 797 305 AEGROT.
852 252 963 300 ET
1024 251 1225 301 SAN.
1417 267 1480 320 45

188 378 332 427 dum:
378 372 732 440 Qartanarum
757 371 901 421 etiam
926 372 1141 420 conditio
1166 368 1369 418 eundem
1395 372 1487 418 ser-

189 462 270 498 vat
287 449 508 496 ordinem
524 447 559 495 ⁶.

251 601 314 650 G.
350 600 574 647 Plurimis
602 612 757 646 autem
783 610 951 661 quarta
974 597 1049 644 die
1074 597 1262 644 dolores
1291 595 1488 642 maximi

184 686 232 720 et
255 671 440 720 sudores
466 673 747 736 plerumque
788 669 1052 734 subfrigidi‚
1100 684 1146 716 et
1171 671 1492 717 extremitates

185 764 281 794 non
322 748 526 811 amplius
572 745 902 793 recalescentes
926 782 939 794 .
970 782 981 793 .
1011 780 1023 791 .
1051 781 1062 791 .
1095 747 1271 808 Neque
1308 743 1495 806 sanguis

183 839 241 868 ex
264 822 453 868 naribus
476 820 650 885 erupfit
685 820 769 866 ulli
792 836 851 867 ex
882 819 996 877 illis,
1036 820 1213 884 quibus
1252 820 1332 866 ista
1367 819 1493 866 acci-

184 895 369 954 diffent,
399 895 474 943 sed
500 912 668 959 parum
694 893 914 941 stillavit:
957 911 1108 959 neque
1147 894 1205 941 ad
1231 895 1492 941 recidivam

187 970 272 1017 ulli
297 971 466 1017 horum
491 986 561 1017 res
581 969 774 1018 devenit
795 985 806 1015 :
845 968 922 1017 sed
941 968 1068 1016 sexta
1090 968 1170 1016 die
1195 968 1372 1016 mortui
1389 968 1494 1015 sunt

188 1059 301 1091 cum
325 1044 488 1092 sudore
512 1047 548 1091 ⁷.

259 1184 335 1232 H.
376 1184 502 1232 Aliis
528 1183 778 1231 sexto'die
810 1182 1006 1229 morbus
1041 1183 1275 1240 decrevit,
1318 1181 1496 1245 septem

194 1259 457 1316 intermisit,
495 1272 541 1305 et
565 1276 620 1305 ex
659 1257 940 1321 repetitione
965 1258 1042 1304 die
1074 1257 1496 1322 quartajudicatus

195 1333 310 1382 est⁸.

262 1480 326 1526 K.
365 1475 625 1526 Nonnullis
650 1493 764 1523 vero
784 1477 978 1524 morbus
1004 1477 1079 1524 die
1112 1477 1307 1541 septima
1334 1478 1497 1524 decre-

196 1556 294 1603 vit:
316 1571 490 1601 novem
507 1552 749 1599 intermisit
774 1552 958 1609 diebus,
986 1567 1033 1600 et
1052 1569 1109 1600 ex
1129 1553 1339 1601 recidiva
1357 1569 1498 1616 quar-

198 1646 245 1679 ta
269 1631 346 1677 die
358 1628 601 1693 judicatus
626 1627 689 1674 est
711 1630 747 1674 ⁶.

264 1772 327 1819 L.
367 1772 626 1833 Qartanae
672 1767 905 1832 sanguinis
943 1785 968 1815 e
1005 1768 1196 1817 naribus
1234 1769 1504 1833 eruptiones

199 1861 324 1910 aegre
340 1842 563 1909 judicant
579 1846 630 1890 ¹⁰.

269 1979 350 2025 M.
394 1977 554 2025 Urina
602 1978 745 2024 crassa
791 1977 914 2033 alba,
965 1976 1116 2040 qualis
1137 1977 1399 2040 Archigeni
1433 1976 1502 2024 fa-

203 2048 396 2097 miliaris
435 2065 549 2106 erat,
594 2050 641 2096 in
659 2049 982 2096 laffitudinofis
1008 2049 1220 2096 febribus
1248 2062 1412 2112 quarta
1428 2050 1504 2097 die

205 2124 461 2189 aliquando
485 2124 665 2189 prodit,
707 2137 753 2170 et
778 2123 946 2170 liberat
971 2124 1028 2171 ab
1048 2122 1251 2171 abscessu
1274 2128 1325 2172 ¹¹.

248 2311 268 2334 ⁶
294 2311 540 2364 Pragmfi‘cq.
570 2309 624 2347 iii.
652 2319 729 2362 cap.
751 2309 833 2347 xiii.
863 2310 1022 2349 Confer.
1052 2324 1139 2363 quae
1172 2310 1218 2348 de
1249 2309 1363 2360 hujus
1384 2320 1515 2353 textus

198 2370 481 2421 explanatione,
512 2380 549 2408 et
573 2380 773 2421 quartana:
801 2370 947 2419 periodi
980 2384 1066 2410 curn
1097 2371 1221 2410 Lunae
1240 2369 1405 2409 motibus
1426 2384 1515 2409 con-

200 2432 320 2479 sensu,
341 2430 501 2470 inferius
521 2430 698 2468 dicentur
717 2430 757 2468 in
776 2430 864 2472 Lib.
886 2432 941 2473 II.

252 2495 268 2518 ⁷
299 2492 414 2542 Epid.
437 2490 468 2527 Ι.
485 2492 579 2541 scil.
599 2489 638 2527 ii.
653 2489 747 2538 stat.
765 2488 818 2530 iii.

253 2550 269 2573 ⁸
299 2552 390 2588 Loc.
410 2554 471 2586 cit.

251 2614 270 2637 9
298 2612 389 2649 Loc.
409 2613 471 2647 cit.

255 2673 292 2691 ³0
318 2670 433 2722 Epid.
452 2668 529 2706 VI.
550 2671 640 2720 scil.
659 2668 699 2711 ii,

256 2734 291 2782 ¹}
320 2730 407 2771 Lib.
423 2734 485 2771 cit.
506 2730 598 2782 fi’H.
619 2730 672 2768 iv-

1240 2793 1307 2839 N.
1346 2778 1509 2857 Qar-
