1932 3319
391 228 759 281 AEGROT.
821 226 935 275 ET
996 222 1193 274 SAN.
1367 239 1425 286 13

149 351 197 401 in
222 349 398 397 morbis
422 349 775 398 converfionem
791 347 996 411 aliquam
1014 343 1236 391 continuo
1260 357 1428 404 expec-

148 438 318 482 temus,
369 425 450 472 sub
492 442 584 489 qua
630 425 824 472 morbus
853 423 931 469 vel
978 422 1024 468 in
1048 420 1241 467 salutem
1266 417 1342 463 vel
1384 418 1430 466 in

146 506 348 548 mortem
367 501 573 548 desinat:
614 515 798 564 tempus
825 515 955 557 ver0,
1003 497 1050 543 in
1087 493 1216 560 quod
1246 493 1434 539 illorum

150 579 425 627 alterutrum
449 577 600 632 cadat,
644 593 701 623 ex
740 574 1004 637 aegrotantis
1037 585 1188 627 aetate,
1224 585 1434 632 corpore,

149 651 262 698 vitae
317 654 573 715 proposito,
630 653 736 700 anni
784 650 1072 716 tempestate,
1131 645 1438 713 grass'antibus

151 726 344 784 morbis,
382 728 681 775 affidentibus
718 742 764 774 et
782 726 982 775 externis
1008 742 1098 773 non
1127 740 1228 772 raro
1253 721 1438 786 conjici,

154 814 200 846 et
232 801 297 848 ita
320 803 515 866 quidem
535 805 830 867 plerumque,
872 814 925 847 ut
951 802 1106 851 indices
1125 798 1317 864 quidam
1342 798 1440 844 dies

154 875 212 921 ab
237 875 487 924 indicando
513 877 664 924 morbi
690 875 900 931 decursu,
942 888 989 920 et
1028 889 1200 922 eventu
1227 873 1286 919 sic
1311 871 1439 927 dieti,

157 947 273 999 illud
291 950 642 1012 praemonstrare
668 947 992 998 consueverint

226 1114 270 1144 2.
311 1099 537 1146 Similiter
560 1101 677 1147 hanc
703 1100 974 1147 morborum
1004 1097 1315 1145 mutationem
1337 1112 1440 1143 ver-

159 1186 298 1235 gente
345 1173 391 1218 in
436 1176 745 1222 excretorium
781 1191 1008 1237 organum
1056 1173 1246 1235 aliquod
1294 1172 1447 1219 morbi

163 1246 361 1308 impetn,
401 1247 676 1309 plerumque
702 1248 744 1293 se
769 1247 962 1308 prodere
1000 1246 1036 1291 is
1071 1246 1215 1291 dixit:
1265 1245 1355 1291 five
1391 1246 1451 1292 ad

159 1319 363 1365 vesicam
404 1333 636 1382 vergeret,
692 1320 783 1366 five
821 1320 879 1365 ad
928 1320 1156 1376 intestina,
1199 1319 1256 1365 ad
1294 1333 1450 1366 cutem

161 1393 366 1458 denique
393 1393 670 1451 universam,
713 1395 771 1442 ab
797 1412 944 1458 eaque
969 1395 1154 1443 sudores
1171 1394 1358 1441 eliceret
1376 1395 1451 1443 seu

162 1471 513 1516 exanthemata:
580 1469 841 1534 cujusmodi
898 1470 1135 1517 miliaceas
1194 1471 1454 1534 aspredines

163 1542 294 1591 fuiffe
319 1543 551 1601 videntur,
596 1544 803 1591 culicum
838 1546 1062 1591 morsibus
1097 1544 1281 1601 similes,
1330 1546 1456 1592 haud

165 1620 371 1666 multum
396 1620 747 1684 pruriginosae',
785 1620 965 1683 quasin
994 1620 1321 1667 constitutione
1338 1638 1457 1684 qua-

166 1693 294 1749 darn,
338 1693 554 1740 mulieres
593 1693 844 1757 praesertim
881 1693 1159 1749 obsidentes,
1204 1693 1249 1739 in
1281 1693 1460 1740 summa

169 1779 279 1813 cute
305 1766 341 1820 is
368 1765 504 1822 vidit>
547 1768 734 1814 nemine
759 1782 813 1812 ex
840 1766 911 1822 iis,
959 1767 1132 1830 quibus
1173 1768 1284 1814 talia
1330 1769 1461 1814 efflo-

170 1840 416 1901 rescerent,
443 1857 668 1905 pereunte
689 1860 699 1888 :
739 1842 830 1888 five
850 1843 1052 1906 denique
1086 1843 1237 1889 morbi
1259 1842 1463 1905 impetus

172 1915 221 1960 in
244 1917 533 1965 bronchiales
554 1919 650 1965 vias
686 1919 1003 1975 contenderet,
1053 1919 1312 1982 exindeque
1334 1919 1465 1982 sputa

173 2006 419 2047 moverem
459 1992 533 2039 seu
559 1993 844 2057 postremum
871 1995 1130 2056 prodeunte
1167 1995 1338 2041 alicubi
1364 1995 1466 2041 san-

177 2068 318 2130 guine
354 2066 448 2113 fere
490 2085 600 2114 curn
646 2069 729 2116 isto
779 2068 913 2115 firnul
965 2070 1158 2116 morbus
1204 2068 1462 2132 aufugeret.

176 2147 352 2208 Neque
369 2144 509 2190 unica
528 2144 728 2208 persaepe
748 2145 992 2191 sanationis
1011 2147 1084 2191 via
1104 2145 1297 2201 constat,
1315 2145 1468 2209 cujus-

178 2221 312 2269 modi
353 2236 453 2266 rara
487 2221 550 2266 est
573 2222 718 2267 etiarn
762 2221 808 2267 in
834 2220 1134 2283 Hippocrate
1174 2220 1465 2275 observati03

182 2297 422 2361 saepiffime
445 2313 650 2361 namque
682 2296 937 2359 multiplici
973 2297 1100 2360 quasi
1140 2296 1254 2344 ostio
1279 2297 1471 2343 morbus

181 2373 408 2421 funditur.
495 2374 727 2420 Salutares
762 2385 986 2436 praeterea
1033 2373 1284 2438 aliquando
1315 2373 1470 2421 morbi

185 2451 390 2513 impetus
426 2451 471 2496 in
493 2449 691 2511 reliquas
724 2450 843 2495 fiunt
867 2463 1037 2512 partes,
1086 2448 1347 2513 exindeque
1382 2449 1473 2496 cri-

235 2639 252 2684 ‚¹
280 2634 496 2688 Ep2·d.L2·b.
526 2634 579 2672 11.
594 2636 685 2685 seca
712 2633 765 2675 iii.
1418 2693 1426 2701 .

1395 2707 1478 2742 tle!
