1932 3319
364 266 734 333 AEGRoT.
787 278 902 326 ET
962 257 1160 324 ΒΑΝ.
1316 268 1406 336 ιᾱῆ

124 418 348 486 quando?
386 417 625 466 Dixerunt
647 415 734 462 hoc
754 411 951 478 quidem
979 405 1183 465 Medici,
1211 417 1414 468 quorum
1466 432 1468 434 ·

101 487 294 541 'insanae
320 508 430 556 erga
471 507 581 538 eum
627 485 997 553 reprehensiones
1035 480 1269 530 vecordiae
1309 480 1416 543 plus

127 584 275 632 quam
298 566 572 614 temeritatis
596 566 643 612 in
668 564 712 611 se
745 563 935 611 habent.
1007 559 1147 613 Certe
1183 554 1300 604 nulli
1326 553 1418 602 mi-

127 640 317 689 seranda
350 640 520 703 magis,
563 655 708 703 quam
729 636 950 694 Medico,
993 633 1269 681 morborum
1290 629 1423 694 spec-

129 716 305 772 tacula,
346 713 446 778 ejus
488 713 585 760 fere
617 714 761 760 etiam
789 711 986 759 invitam
1027 707 1303 757 industriam
1332 707 1425 755 sol-

133 778 330 843 licitamss
367 798 420 832 ut
449 802 544 849 quo
567 802 663 850 quo
703 784 839 849 poffit
874 783 1037 842 modo,
1084 781 1254 846 profit:
1293 782 1427 847 quod

135 859 471 909 nobilissimum
509 861 640 907 Artis
691 859 856 907 nostrae
901 857 1178 914 institutum,
1225 857 1306 905 vix
1347 857 1430 922 qui

135 953 242 983 eam
268 935 500 991 condidit,
536 933 801 998 praeteriiffe
825 933 1092 981 verosimile
1116 933 1196 980 est.
1245 935 1433 996 Qam-

139 1025 286 1074 quam
310 1008 374 1056 est
397 1008 537 1055 etiam
563 1007 856 1064 incredibile,
903 1022 960 1054 eo
994 1006 1137 1070 usque
1160 1006 1361 1056 Medico
1387 1007 1436 1054 in

144 1085 378 1132 diuturnis
405 1084 581 1132 morbis
610 1084 806 1143 otiante,
848 1099 941 1130 non
988 1082 1180 1130 tandem
1203 1095 1438 1146 aegrotan-

144 1172 241 1206 tem
266 1159 414 1222 ipsum
443 1159 499 1205 ad
518 1159 919 1205 medic-amentum
940 1156 1132 1221 aliquod
1157 1157 1436 1222 confugere:

145 1246 194 1279 et
216 1231 500 1296 confugiunt
525 1246 648 1280 certe
671 1233 871 1281 nimium
913 1234 1224 1297 nimiumque,
1273 1245 1323 1279 ut
1355 1233 1440 1279 vix

150 1307 204 1354 fit
227 1323 365 1363 unus,
392 1308 475 1371 qui
496 1308 641 1372 longo
658 1307 854 1355 intereat
871 1310 1055 1365 morbo,
1083 1321 1333 1371 antequam
1353 1305 1442 1352 sci-

150 1395 278 1440 ente,
300 1381 377 1428 vel
402 1381 541 1428 inscio
565 1383 701 1444 plane
727 1383 934 1440 medico,
975 1383 1034 1428 de
1066 1381 1319 1445 multiplici
1346 1397 1447 1428 mee·

154 1457 326 1515 dicim,
369 1455 516 1503 dubia
539 1456 681 1503 etiam
706 1458 826 1522 saepe
850 1458 1061 1523 pericula
1085 1457 1264 1506 fecerit.

228 1606 273 1651 8.
309 1603 534 1651 Similiter
572 1620 722 1652 raram
746 1616 883 1652 venae
922 1604 1137 1653 sectionis
1168 1603 1452 1653 memoriam

161 1692 219 1723 ex
243 1675 341 1740 ejus
365 1677 498 1724 libris
523 1677 727 1725 constare
752 1678 960 1725 Galenus
996 1678 1209 1736 credidit,
1247 1677 1379 1742 quod
1404 1678 1452 1725 in

164 1751 328 1797 multis
351 1752 525 1798 morbis
550 1752 788 1816 perspicue
828 1752 874 1800 id
915 1752 1110 1799 remedii
1135 1769 1282 1816 genus
1307 1769 1391 1817 per
1415 1753 1458 1799 sc

168 1824 511 1887 intelligeretur
529 1828 562 1873 ³.
632 1827 870 1889 Exemplo
891 1827 955 1872 est
977 1843 1113 1873 venae
1144 1825 1300 1883 seftio,
1327 1825 1461 1890 cujus

171 1899 218 1946 in
278 1899 554 1955 PleuritiCO‚
602 1899 678 1946 die
737 1900 891 1946 morbi
946 1899 1162 1955 octava*²
1211 1898 1460 1945 meminit}

171 1971 254 2018 vix
279 1974 452 2019 etenim
476 1973 673 2020 dubium
715 1974 794 2030 est,
836 1973 896 2019 sic
933 1971 1108 2019 ferente
1133 1973 1320 2031 morbo,
1361 1988 1466 2020 eam

179 2063 272 2093 non
296 2060 400 2093 ante
417 2046 612 2111 jamque
649 2047 905 2104 instituifl'e,
947 2048 1089 2094 modo
1128 2063 1231 2094 eam
1273 2049 1467 2095 morbus

176 2121 507 2184 postulaviffet.
610 2125 771 2189 Quam
833 2124 894 2170 ob
958 2123 1160 2169 cauffam
1202 2122 1284 2168 vix
1328 2123 1473 2171 etiam

187 2197 362 2245 Glaffio
409 2196 616 2244 dederim
679 2198 846 2245 solutas
900 2197 1149 2261 spontanea
1200 2197 1472 2245 hemorrha-

186 2274 265 2337 gia
299 2272 466 2329 febres,
510 2273 677 2320 sectam
719 2290 902 2337 perraro
950 2275 1008 2320 ab
1050 2274 1347 2338 Hippocrate
1392 2290 1475 2321 ve-

188 2363 297 2394 nam
320 2346 485 2394 testari.
558 2349 730 2395 Praeter
759 2349 883 2395 enim
919 2364 1062 2410 quam
1089 2348 1216 2413 quod
1235 2346 1475 2411 judicata-³

190 2442 294 2473 rum
320 2424 365 2471 in
390 2426 514 2471 hunc
540 2425 737 2471 modum
771 2424 986 2483 febrium,
1006 2427 1128 2474 haud
1158 2425 1362 2491 plurima
1394 2442 1475 2472 ex-

193 2513 292 2548 tent
339 2500 462 2562 apud
510 2500 659 2563 ipsum
707 2501 936 2564 exempla,
988 2517 1077 2549 non
1118 2501 1298 2566 semper
1337 2500 1481 2548 etiam

247 2712 264 2736 3
292 2710 420 2747 Comm.
435 2712 468 2744 in
486 2708 557 2745 ΠΙ.
578 2709 691 2758 Epid.

249 2773 266 2796 ⁴
293 2773 404 2824 Epid.
425 2768 599 2820 HLstfl.
621 2769 673 2810 iii,
703 2772 818 2822 ‘'Eg-r.»
840 2767 920 2808 viii.

434 2845 460 2878 2
947 2824 954 2831 “
1304 2883 1313 2889 ,
1359 2822 1499 2871 incisa
