1932 3319
459 259 552 303 180
713 262 828 311 DE
895 263 1077 313 VIT.
1148 264 1535 315 PERIOD.

850 477 1132 525 CAP.
1275 477 1337 526 V.

456 622 526 668 De
543 625 717 686 proprio
743 625 1040 683 Periedorum,
1064 637 1105 672 et
1123 628 1281 687 Crffeos
1305 628 1348 673 in
1371 626 1583 675 nonnullis
1604 628 1737 675 Mor·-

735 700 802 746 bis
826 702 1028 762 Daefestu,
1070 703 1232 765 ejzffque
1273 701 1450 761 Cauffis.

457 851 499 882 1.
674 839 759 885 IX
782 840 801 884 Ι
822 842 880 886 Μ
901 843 949 889 U
970 843 999 888 S
1045 842 1089 887 in
1132 841 1319 887 Morbis
1364 841 1600 896 omnibus,
1649 837 1741 884 five

697 913 913 971 primitus
939 930 1048 958 cum
1084 915 1324 959 Materiali
1355 916 1505 959 cauffa
1532 913 1759 976 jungam-

452 993 542 1036 tur‚
591 982 683 1026 five
710 1000 735 1028 a
760 985 854 1030 solo
879 985 1227 1048 proficiscantur
1265 999 1356 1033 non
1385 987 1580 1033 naturali
1618 985 1743 1032 Soli-

450 1054 621 1099 dorum
647 1055 966 1114 incitamento,
992 1074 1218 1121 perpetuo
1249 1059 1443 1122 aliquid,
1480 1059 1607 1123 quod
1632 1060 1743 1106 Cru-

449 1128 548 1175 dnnz
568 1145 756 1192 recepta
772 1147 888 1177 voce
909 1133 1226 1190 nominamus,
1248 1133 1479 1195 proprius,
1501 1149 1593 1179 non
1607 1129 1744 1194 juxta

451 1202 710 1247 naturalem
735 1204 828 1250 dati
862 1203 957 1266 ejus
986 1205 1190 1267 corporis
1217 1205 1490 1251 mixtionem
1528 1218 1745 1253 contem-

451 1288 685 1337 peratum,
730 1291 808 1323 aut
834 1278 913 1324 sub
941 1279 1037 1342 ipso
1065 1279 1228 1325 Morbi
1251 1279 1480 1343 principio
1504 1279 1549 1326 in
1575 1294 1745 1341 corpus

451 1350 667 1410 irrepere,
706 1363 784 1396 aut
809 1352 970 1397 sensim
1012 1352 1245 1399 invalente
1283 1353 1452 1398 morbo
1493 1351 1744 1415 procreari,

452 1434 505 1466 ut
546 1436 789 1484 propterea
822 1424 1017 1486 quisque
1054 1425 1339 1471 Morborum
1381 1425 1625 1480 terminus,
1667 1436 1746 1470 aut

452 1494 736 1540 cruditatum
762 1498 1089 1542 vacuationem
1128 1496 1302 1552 afferat,
1350 1510 1429 1542 aut
1476 1513 1632 1542 earum
1657 1495 1746 1542 sal-

453 1580 568 1624 tem,
595 1568 733 1630 juxta
755 1570 1011 1616 naturalem
1036 1570 1131 1616 dati
1158 1569 1363 1632 corporis
1387 1569 1598 1625 modum,
1623 1581 1745 1614 tem-

455 1643 746 1705 perationem
790 1644 1008 1706 postulet,
1052 1657 1098 1690 et
1138 1644 1340 1690 efficiat:
1394 1644 1524 1706 quod
1561 1656 1745 1690 utrum—

455 1733 548 1780 que
574 1717 736 1765 criseos
761 1718 867 1765 loco
891 1718 1131 1765 sumimus.

526 1879 571 1912 2.
608 1866 719 1912 Alia
741 1865 883 1927 igitur
907 1865 1027 1911 crifis
1053 1864 1304 1929 conspicuo
1325 1877 1549 1911 evacuato
1573 1864 1746 1913 humo-

457 1954 505 1984 re
546 1937 797 1987 senfibilist
845 1937 1116 1985 insensibilis
1158 1940 1263 1995 alia,
1301 1952 1346 1985 et
1394 1939 1520 1985 nulla
1565 1940 1748 2002 prorsus

457 2010 634 2056 ratione
677 2010 760 2056 sub
799 2011 963 2057 oculos
1004 2011 1207 2057 cadens:
1256 2027 1459 2074 quorum
1494 2024 1748 2077 utrumque

456 2084 820 2149 frequentiffima
868 2086 1195 2150 exemplorum
1245 2086 1437 2134 cohorte
1484 2085 1747 2134 manifesta-

457 2164 549 2201 tur.

528 2317 575 2363 3.
612 2303 678 2349 Et
717 2303 883 2366 primae
919 2304 1108 2369 quidem
1151 2301 1491 2349 terminationis
1533 2301 1749 2366 exempla
1777 2311 1788 2314 ”

460 2375 538 2419 vix
558 2374 621 2420 ob
645 2375 956 2438 frequentiam
981 2377 1180 2423 citamus
1201 2393 1212 2422 z
1253 2375 1440 2422 alterius
1477 2388 1633 2423 tamen
1657 2375 1750 2422 ser-

461 2462 651 2493 monem
676 2451 806 2496 locus
825 2452 1053 2514 postulat:
1105 2451 1390 2497 Morborum
1415 2465 1634 2512 namque,
1666 2447 1747 2512 qui

462 2521 510 2566 in
545 2521 666 2567 hunc
694 2524 891 2571 modum
918 2525 1156 2579 finiuntur,
1193 2540 1248 2570 ea
1277 2539 1469 2587 quoque
1504 2523 1623 2570 ratio
1660 2521 1748 2567 effe

459 2594 592 2650 solet,
655 2608 706 2640 ut
761 2597 838 2641 vix
874 2596 1013 2659 juxta
1070 2597 1416 2644 communiores
1472 2608 1747 2644 caeterorum

461 2668 734 2716 morborum
748 2669 969 2731 periodos
993 2670 1225 2729 incedant,
1252 2684 1507 2734 eorumque
1522 2666 1745 2715 conversi-

1633 2747 1745 2779 ones
