1975 3343
999 276 1231 344 [iv]

477 427 573 466 tur.
653 415 787 466 Cum
814 414 953 466 enim
998 432 1055 464 ea
1096 424 1303 463 tuorum
1347 411 1400 462 in
1446 430 1528 464 me
1555 411 1759 464 merito-2

481 519 597 552 rum
624 501 819 552 summa
846 500 921 565 fit,
949 514 1003 551 ut
1031 501 1230 551 nullum
1256 500 1404 569 plane
1430 500 1583 551 officii
1605 517 1764 570 genus

482 587 572 639 tibi
611 609 638 638 a
685 609 765 640 me
793 587 949 640 deeffe
977 601 1144 657 queat,
1196 606 1302 637 non
1328 586 1639 655 postremum
1664 585 1763 634 hoc

482 676 590 728 fore
618 679 878 734 arbitratus
914 678 1041 742 sum,
1082 676 1115 728 sl
1160 677 1327 745 palam
1369 677 1430 727 de
1457 675 1555 727 tuis
1593 675 1648 724 in
1683 691 1766 723 me

484 766 673 817 meritis
701 766 962 817 differendi
990 764 1302 816 occasionem
1324 784 1387 816 ex
1415 765 1511 827 his,
1538 781 1649 832 quae
1670 779 1765 811 nu-

485 855 702 922 perrime
739 857 1001 924 exegimus
1037 856 1097 906 de
1139 855 1402 905 Medicina
1440 855 1770 905 Commenta·
1813 884 1816 887 -

488 944 590 1008 riis,
634 945 955 1010 nanciscerer,
995 947 1404 1014 nonnullumque
1431 965 1496 996 ex
1531 945 1590 995 iis
1616 944 1770 994 bene-

485 1031 719 1083 volentiae
762 1053 878 1102 erga
901 1054 982 1085 me
1001 1049 1099 1085 tuae
1127 1035 1467 1098 committens,
1505 1032 1768 1084 Sodalium

485 1133 693 1183 tuorum
719 1123 1056 1175 subastiffimo
1083 1126 1291 1193 ingenio
1317 1126 1566 1175 traderem
1589 1146 1602 1186 3
1643 1139 1772 1191 quos

493 1212 623 1261 inter
665 1211 805 1262 nullo
848 1231 965 1264 meo
1017 1214 1199 1264 merito
1244 1212 1581 1281 superioribus
1626 1210 1772 1262 annis

488 1314 770 1368 cooptatus,
798 1303 983 1352 exinde
1012 1322 1092 1352 me
1111 1303 1205 1353 illis
1227 1321 1457 1354 mearum
1476 1304 1664 1354 virium
1685 1322 1774 1371 pe·-

488 1389 709 1438 riculum
750 1391 956 1458 aliquod
1002 1390 1265 1442 inscribere
1306 1391 1466 1442 statui.
1546 1393 1696 1444 Adde
1726 1405 1776 1443 et

491 1477 819 1529 dicendarum
838 1481 890 1539 in
911 1481 1009 1530 hoc
1036 1481 1163 1530 libro
1190 1499 1360 1531 rerum
1382 1499 1488 1531 non
1506 1482 1776 1534 minimam

488 1565 582 1618 effe
609 1586 726 1618 cum
753 1568 941 1633 studiis,
981 1571 1163 1638 quibus
1189 1570 1419 1621 animum
1437 1571 1648 1641 jamque
1689 1573 1778 1624 ad-

492 1655 663 1706 dixisti
719 1657 1171 1725 propinquitatem,
1216 1670 1272 1707 ut
1307 1658 1580 1709 litteratum
1612 1661 1782 1711 homi-

465 1733 468 1737 *
496 1764 616 1797 nem
642 1746 826 1811 pariter
861 1757 1009 1812 atque
1055 1744 1310 1805 medicum
1355 1743 1549 1795 afficere
1575 1746 1783 1806 videan-

496 1850 592 1885 tur.
698 1834 952 1901 Magnam
1003 1832 1234 1900 profe&o
1297 1831 1551 1884 industriae
1604 1833 1783 1885 nostrae

507 1923 664 1972 laudis
695 1922 1019 1972 aeceffionem
1063 1934 1357 1971 eventuram
1384 1921 1477 1972 effe
1497 1921 1633 1986 scias,
1674 1941 1787 1973 mo-

507 2010 573 2059 do
619 2027 729 2077 quae
774 2006 1055 2076 scripsimus
1107 2028 1225 2059 cum
1270 2009 1378 2073 tibi,
1444 2009 1542 2059 Vir
1575 2010 1706 2061 Clar.
1736 2023 1786 2062 et

502 2098 834 2161 Nobiliffime,
873 2117 991 2148 cum
1019 2098 1469 2150 Commilitonibus
1489 2099 1587 2151 tuis
1622 2100 1784 2151 haud-

505 2203 759 2265 quaquam
786 2185 1079 2254 displicuiffe
1106 2187 1398 2256 intelligam.
1477 2188 1622 2239 Vale.
