1975 3343
449 282 470 356 [
493 284 602 336 xxii
623 280 644 357 ]

443 429 568 499 eju5‚
606 427 670 481 fic
691 432 896 497 dictam,
939 432 1348 498 coruscationem,
1374 434 1510 486 unde
1530 451 1635 486 non
1661 432 1759 486 mi·-

445 521 584 574 nima
604 521 789 573 stimuli
807 523 882 574 vis
899 525 952 575 in
963 525 1219 575 Animalia
1237 523 1426 588 transit,
1439 525 1576 576 calor
1592 525 1762 588 etiarn,

447 625 494 664 et
519 631 635 662 cum
662 613 823 664 calore
850 615 1126 683 vaporatio,
1168 634 1385 684 cumque
1413 615 1491 667 his
1517 614 1761 682 conjunc-

446 704 539 755 tim
567 705 879 756 humiditatis
914 708 1195 775 proportio,
1235 707 1504 775 preffiones
1545 705 1764 774 insuper,

447 792 812 864 stratorumque
830 798 994 861 Aeris,
1012 816 1116 848 non
1136 798 1188 848 in
1217 798 1452 849 omnibus
1480 814 1639 865 pares,
1664 795 1764 844 im·-

446 897 609 954 petus‚
647 886 699 936 in
721 888 863 937 omni
898 888 1187 939 collustratae
1208 887 1574 957 Atmosphaerae
1603 887 1765 936 traditi
1812 882 1815 885 ’

448 987 722 1028 mutantur.
810 977 959 1028 Adde
998 990 1045 1028 et
1071 976 1380 1046 singularum
1407 977 1554 1027 Aeris
1579 975 1766 1043 specie-

445 1079 580 1126 rum,
620 1065 756 1116 unde
771 1066 1201 1134 Atmosphaericus
1229 1068 1516 1119 communis
1533 1066 1766 1130 efficitur,

446 1154 716 1205 miscellam
743 1169 790 1206 et
824 1159 1122 1224 temperiem
1151 1178 1244 1225 pro
1271 1160 1424 1208 Lucis
1452 1158 1611 1225 gradu
1636 1156 1769 1206 vari-

445 1261 545 1304 are,
584 1262 957 1313 corporumque
1009 1247 1199 1315 aliquid
1235 1246 1622 1313 perspirantium
1660 1263 1767 1295 ern-

446 1332 698 1383 miffiones
732 1346 781 1384 et
812 1333 1030 1398 effiuvia,
1082 1353 1187 1385 non
1238 1334 1400 1385 solum
1436 1335 1588 1403 juxta
1613 1335 1768 1386 Lucis

445 1436 646 1474 motum
672 1424 883 1488 incitari,
921 1438 968 1476 et
995 1425 1177 1488 minui,
1211 1424 1293 1476 sed
1332 1424 1651 1477 diverfiffima
1676 1426 1769 1476 eti-

445 1532 529 1565 am
557 1532 811 1567 aerearum
838 1515 1237 1579 substantiarum,
1271 1516 1389 1579 Gas,
1441 1535 1623 1585 genera
1661 1535 1768 1567 em-

445 1605 593 1664 mitti.
709 1605 1006 1675 Cujusmodi
1073 1606 1453 1674 locupletiflimo
1510 1606 1766 1675 exemplo,

448 1695 561 1749 sunt
587 1696 788 1747 Plantae.
1676 1681 1678 1683 ‚

524 1878 672 1928 XXI.
715 1879 911 1930 Verum
939 1892 1106 1932 autem
1134 1880 1186 1930 in
1231 1892 1368 1929 tanta
1395 1877 1563 1941 Lucis,
1607 1890 1655 1928 et
1681 1877 1765 1947 Ig-

449 1985 555 2035 neae
600 1968 822 2019 materiei
866 1969 1122 2033 affinitate,
1173 1968 1434 2037 rursusque
1479 1967 1532 2017 in
1574 1966 1768 2018 summa

447 2058 590 2127 Ignei
617 2061 852 2128 principii
878 2080 967 2129 per
993 2079 1202 2111 omnem
1221 2061 1470 2114 Naturam
1497 2058 1768 2124 adtivitate,

448 2154 499 2206 id
532 2156 753 2207 maxime
787 2156 916 2207 inter
950 2156 1267 2207 scribendum
1304 2155 1609 2219 curavimus,
1646 2165 1703 2205 ut
1727 2151 1763 2204 fi

446 2242 667 2308 quicum
685 2243 835 2294 Lucis
856 2243 1122 2295 acceffione
1150 2256 1198 2293 et
1218 2242 1498 2303 duratione,
1521 2239 1766 2307 Aerisque

447 2333 632 2382 exinde
660 2333 846 2383 obortis
868 2334 1246 2396 mutationibus,
1281 2330 1599 2382 consentanei
1627 2330 1765 2381 Vitae

447 2434 614 2471 motus
632 2420 825 2486 fierent,
842 2423 1253 2492 subjungeremus
1275 2445 1288 2484 ;
1330 2440 1547 2490 cumque
1567 2420 1657 2470 vix
1677 2420 1768 2471 ali-

445 2507 567 2574 quid
586 2507 727 2557 nobis
745 2506 1112 2576 proficiendum
1131 2508 1261 2571 effet,
1282 2505 1317 2557 fi
1335 2508 1541 2576 quidem
1558 2507 1612 2557 in
1628 2518 1768 2558 tanta.

443 2596 588 2657 simul
606 2597 880 2649 caussarum
897 2596 1764 2666 communitate,earumslngularem

442 2687 883 2756 aliquam,sum1nc
902 2687 1107 2752 difficili,
1125 2700 1170 2739 et
1188 2688 1337 2740 dubia
1355 2685 1542 2754 analifi‚
1556 2685 1766 2737 sancire-

870 2760 873 2763 *
1615 2790 1728 2846 mue
1748 2793 1767 2837 ;
