1932 3319
400 173 938 253 AEGROTsET
995 189 1196 251 s·AN.
1381 211 1441 267 ας

150 320 373 384 quaedam
396 320 730 385 Hippocratici
755 319 845 367 stili
871 318 1202 376 conformatio,
1234 333 1344 383 quae
1367 336 1452 383 pe-

151 393 473 442 -ritiffimorum
498 395 805 458 interpretum
829 409 877 442 et
892 393 1246 443 Helenistarum
1262 389 1453 456 judicio

152 469 379 530 praeclare
405 468 721 515 animadversa
736 467 817 521 est.
856 467 1091 532 Qamvis
1116 467 1152 514 is
1176 464 1351 519 etenim
1369 482 1453 529 pa-

153 541 239 587 tria
265 543 468 592 Doricus
495 545 621 600 esset,
662 543 708 589 in
742 542 920 607 scriptis
951 559 1067 589 vero
1106 540 1269 589 Ionica
1293 541 1455 588 mallet

153 612 354 664 dialecto
371 618 458 677 uti,
478 619 570 666 five
584 620 629 666 in
650 618 914 667 Democriti
931 618 1150 683 gratiam,
1175 616 1306 681 quod
1325 617 1450 665 AEli-

153 704 269 745 anus
308 693 460 740 voluit
480 696 532 750 ²²,
558 693 650 740 slve
685 694 749 739 ob
791 691 1017 757 majorem
1058 691 1235 742 Ionicae
1275 691 1454 754 linguae

154 767 409 816 mollitiem
457 781 504 814 et
533 767 809 815 suavitatem
830 771 882 824 ¹³,
929 767 1313 831 quandoquidem
1351 765 1454 831 jam

139 855 305 907 *prope
352 839 585 888 senescens
628 841 688 888 ad
734 842 1069 889 Democritum
1129 842 1330 894 acceffit,
1390 840 1456 887 est

154 913 257 960 sane
303 917 553 963 universim
612 915 964 979 Hippocratica
1019 914 1246 961 dialec'tus
1290 913 1455 970 mixta,

155 986 201 1032 in
222 1001 369 1050 eaque
394 991 559 1037 Attica
582 990 717 1053 plura
741 988 860 1046 sunt,
895 1005 1003 1053 quae
1022 989 1134 1035 licet
1158 1003 1269 1035 cum
1294 987 1457 1035 Ionica

155 1058 387 1108 scribendi
414 1064 591 1109 ratione
605 1062 892 1110 consentiant
915 1061 1235 1125 (conspirabat
1252 1076 1456 1124 namque

155 1133 317 1181 Attica
341 1135 489 1197 prisca
516 1153 626 1182 cum
663 1136 840 1190 Ionica,
888 1149 940 1181 ut
964 1133 1228 1198 promiscue
1270 1150 1296 1179 a
1334 1150 1453 1180 non-

155 1207 295 1254 nullis
318 1212 352 1233 ¹⁴
368 1208 563 1272 sumptae
588 1209 772 1264 fuerint,
800 1209 911 1257 licet
947 1208 1140 1255 fortaffis
1182 1205 1350 1268 injuria
1372 1210 1452 1271 ¹⁵),

156 1296 268 1327 eum
311 1295 466 1330 tamen
516 1272 853 1345 Hippocratici
900 1281 1076 1345 proprii
1118 1281 1207 1345 stili
1255 1282 1456 1328 modum

155 1353 383 1409 efficiunt,
416 1370 469 1402 ut
503 1372 559 1401 ex
599 1353 805 1417 utrisque
843 1354 1048 1416 plurima
1090 1352 1135 1399 in
1174 1351 1276 1400 suos
1309 1353 1455 1402 libros

156 1427 430 1475 transtulisse
457 1427 697 1492 perspicue
727 1440 965 1490 appareat.
1035 1425 1181 1490 Qod
1213 1425 1339 1472 idem
1363 1428 1455 1474 du-

156 1499 270 1547 abus
290 1502 576 1564 potiffimum
593 1503 752 1548 caussis
772 1501 1125 1564 Hippocratem
1145 1497 1300 1546 feciffe
1318 1516 1455 1555 vero÷

156 1573 304 1620 fimile
362 1576 442 1631 est,
515 1590 618 1621 tum
664 1574 795 1638 quod
856 1571 1309 1637 peregrinationibus
1370 1591 1457 1638 per

156 1651 393 1704 Graeciam
432 1651 616 1697 deditus
651 1651 798 1696 varias
835 1667 889 1696 ex
913 1648 1052 1697 variis
1077 1648 1192 1695 locis
1217 1664 1358 1696 voces
1382 1667 1456 1699 re-

156 1725 433 1786 portaverit,
469 1723 620 1786 ‘quod
664 1721 924 1770 viatoribus
965 1721 1184 1785 frequens
1225 1723 1295 1778 fit,
1351 1735 1453 1771 tum

157 1797 300 1861 etiam
325 1799 452 1862 quod
476 1797 681 1861 plurima
708 1815 764 1852 ex„
803 1797 951 1844 mixta
984 1809 1230 1860 poetarum
1255 1797 1456 1851 dialeeto

150 1983 287 2021 Latine
312 1999 386 2021 eum
405 1986 592 2035 loquentem
621 1985 764 2022 induxit
782 1984 858 2021 An.
887 1982 1035 2031 Foefius,
1076 1985 1256 2035 interpret,
1277 1987 1464 2036 proximus

150 2045 287 2093 opfimis
318 2046 564 2090 numerandus,
614 2055 645 2081 et
675 2045 816 2094 reliquis
846 2044 943 2093 longe
964 2043 1144 2093 superior,
1187 2046 1250 2093 qui
1288 2046 1324 2079 in
1351 2045 1464 2082 eodem

150 2103 383 2154 Hippocratis
401 2105 627 2141 convertendi
650 2103 767 2142 labore
785 2101 1131 2140 claruerunt.—Nil
1160 2102 1272 2140 etiam
1293 2103 1466 2142 luculen-

151 2160 228 2205 tius
266 2173 303 2199 et
340 2162 555 2200 accuratius
577 2162 757 2200 Foeliana
782 2162 953 2199 versione
980 2161 1014 2198 se
1047 2160 1173 2211 legiffe
1198 2162 1383 2212 professus
1413 2163 1465 2202 est

152 2220 274 2272 limati
305 2222 443 2272 judicii
480 2223 632 2262 criticus
666 2222 875 2269 Fabricius,
904 2236 951 2258 cx
972 2235 1094 2273 eaque
1127 2221 1250 2272 ipsum
1282 2222 1466 2262 Graecum

153 2280 400 2332 Hippocratis
432 2293 583 2322 textum
609 2281 809 2319 emendare
834 2279 992 2332 potuiss'e
1012 2279 1166 2326 testatus
1194 2280 1247 2320 est
1272 2281 1336 2330 Ill.
1357 2283 1465 2322 Tril-

153 2342 272 2380 lerus,
1445 2340 1448 2342 ¹

211 2405 243 2423 ¹²
276 2404 367 2441 Var.
386 2405 485 2453 Hist.
513 2403 600 2442 Lib.
621 2404 695 2442 IV.
725 2413 801 2456 cap.
822 2418 861 2442 x.

210 2465 243 2488 ¹³
273 2460 401 2499 Phth,
418 2464 454 2496 in
474 2463 557 2500 Cat.
586 2462 686 2513 :Wasss
716 2474 752 2500 et
771 2463 883 2501 Fabr.
904 2463 1005 2500 Bibl.
1025 2465 1148 2500 Graec.
1178 2462 1253 2501 loc.
1271 2461 1337 2511 cit,

211 2525 245 2546 ¹⁴
272 2519 390 2558 Conf.
418 2519 531 2559 Fabr.
551 2523 612 2559 loc.
632 2526 693 2560 cit.
722 2523 784 2560 De
797 2523 968 2574 Hz‘ppecr.
988 2523 1096 2560 Dial.

211 2589 243 2639 {⁵
271 2582 390 2639 Conf.
409 2581 501 2635 Jud,
531 2582 588 2622 De
607 2583 782 2625 Thucid.
806 2584 909 2636 apud·
924 2583 1040 2624 Dion.
1060 2581 1261 2633 Halicarn-

417 2654 421 2659 '
837 2657 841 2662 ‘
1337 2655 1456 2710 quos
