1932 3319
401 267 456 309 12
669 253 784 310 DE
840 250 1023 311 VIT.
1082 251 1468 314 PERlon.

493 393 541 441 7.
599 382 664 428 A.
707 381 850 428 Corn.
895 380 1057 429 Celsus
1104 399 1275 430 nomen
1317 382 1484 430 criseos
1523 378 1710 441 nullibi,

428 454 556 519 quod
576 455 795 512 viderim,
832 455 1036 512 retinuit,
1063 457 1311 520 morbique
1329 456 1471 503 finem
1497 469 1575 503 aut
1598 474 1713 520 pro-

428 530 595 576 cedens
627 543 829 593 tempus‚
853 529 1016 577 criseos
1036 529 1298 594 autjudicii
1324 529 1433 575 loco
1450 529 1709 592 usurpavit:

423 602 500 648 seu
525 603 655 666 quod
696 603 876 651 Latinis
923 603 1108 651 auribus
1150 604 1271 650 male
1297 603 1479 649 sonaret
1512 602 1656 649 diffio
1673 603 1710 660 ⁶,

422 674 498 722 seu
525 675 679 739 potius
715 677 841 740 quod
868 676 1018 739 magis
1043 677 1303 723 verosimile
1327 676 1406 731 est,
1454 676 1582 739 quod
1618 675 1710 722 ini-

422 760 518 795 tam
543 749 764 812 ejusmodi
789 750 847 796 ab
869 751 1167 814 Hippocrate
1195 749 1485 814 judiciorum
1527 763 1574 796 et
1611 750 1705 797 cri·-

420 822 538 870 slum
583 825 813 872 rationem
857 841 967 871 cum
1019 826 1295 889 Asclepiade
1340 824 1666 888 repudiaviffet
1693 837 1704 872 :

419 895 596 961 scripsit
619 913 775 946 tamen
801 900 977 947 Graecis
1001 901 1164 948 litteris
1188 898 1371 967 κςισ-ἴμες
1396 899 1493 947 dies
1514 904 1546 948 ⁷.
1591 901 1704 947 Cel-

418 971 518 1019 sum
566 974 750 1022 secutus
794 976 858 1022 est
904 976 1022 1022 Cael.
1065 976 1364 1032 Aurelianus,
1419 975 1500 1038 qui
1547 988 1703 1022 tamen

401 1039 613 1109 judicium
629 1054 868 1104 properare
890 1041 1052 1091 diserte
1089 1060 1145 1089 ex
1173 1043 1471 1105 antiquorum
1501 1042 1700 1095 leffionej

418 1112 624 1161 retinuit.

799 1339 839 1386 C
907 1341 955 1386 A
1023 1340 1081 1386 Ρ.
1218 1339 1310 1386 ΙΙΙ.

411 1488 484 1536 De
506 1487 817 1551 Htppocraticcc
845 1488 1025 1548 Cristum
1049 1497 1092 1533 et
1117 1487 1398 1535 Periodorum
1432 1489 1476 1534 in
1517 1487 1695 1534 Morbis

937 1564 1169 1610 Dostrina.

414 1729 456 1760 1.
651 1712 861 1759 IRUM
901 1711 1111 1776 profe&o
1135 1723 1367 1776 quantum
1398 1711 1456 1758 ab
1475 1708 1691 1774 “Hippo-

639 1832 642 1835 .
677 1786 812 1833 cratis
861 1787 1055 1850 simplici
1090 1786 1326 1850 fraftaque
1372 1786 1591 1843 diffione,
1640 1787 1688 1834 iri

409 1859 524 1907 locis
548 1858 611 1905 sat
630 1860 809 1917 multis,
842 1860 916 1906 sed
945 1862 1028 1907 hac
1048 1860 1340 1923 summopere
1360 1859 1405 1906 in
1433 1877 1497 1917 re,
1519 1859 1688 1907 Galeni

408 1935 556 1982 sermo
579 1932 711 1981 absit.
781 1938 896 1984 Non
921 1937 1001 1982 ille
1026 1936 1278 1982 metantem
1297 1937 1550 1992 Naturam,
1593 1947 1687 1984 non

406 2023 638 2057 extremos
662 2011 771 2058 vitae
801 2010 1000 2068 labores,
1029 2025 1275 2075 perpetuos
1302 2011 1570 2059 criticorum
1595 2013 1687 2060 cir'-

405 2087 618 2134 cuituum
643 2088 847 2145 nuntios,
873 2101 1148 2136 ornamenta
1173 2089 1377 2152 denique
1395 2089 1536 2146 nulla,
1562 2106 1684 2154 quo-

405 2180 508 2222 rum
554 2164 801 2226 impatiens
849 2164 928 2211 suo
972 2167 1181 2229 quodam
1234 2163 1343 2228 jure
1386 2165 1555 2212 veritas
1601 2165 1680 2222 est,

405 2240 677 2304 gravissimis
703 2240 956 2288 immiscuit
979 2242 1025 2288 in
1058 2242 1303 2289 Medicina
1326 2241 1481 2287 rebus.
1519 2241 1679 2306 Siqui-

402 2317 511 2365 dem
537 2316 584 2364 id
609 2333 756 2363 unum
784 2317 1090 2379 Hippocratis
1117 2318 1282 2381 scripta
1317 2317 1590 2377 monstrant,
1626 2330 1679 2365 ut

443 2518 462 2540 ⁶
488 2517 603 2556 Conf.
624 2517 724 2556 Foes.
754 2517 901 2557 loc.cit.

441 2580 457 2603 ⁷
484 2578 545 2616 De
563 2575 663 2615 Μὲἰί.
684 2576 768 2614 Lib.
790 2578 860 2617 III.
885 2588 960 2632 cap.
980 2581 1026 2618 iv.
1046 2579 1194 2631 Scripsit
1211 2589 1248 2620 et
1268 2580 1414 2620 Gellius
1432 2580 1576 2619 criticos
1589 2579 1679 2627 dies,

390 2638 447 2676 {ed
466 2637 610 2677 Graeeis
627 2636 770 2675 litteris.
798 2637 886 2677 Lib.
908 2640 978 2678 III.
1007 2651 1082 2694 cap.
1099 2653 1139 2680 x.

1629 2719 1676 2756 ln'
