1932 3319
459 217 524 284 96
691 218 808 266 DE
858 189 1050 269 'v1T.
1109 219 1500 269 PERIOD.

454 337 542 386 sub
577 338 663 385 hac
688 337 850 401 sponte
889 338 965 384 die
991 338 1147 385 cessat.
1218 339 1482 387 Laethalem
1509 341 1594 387 hac
1629 340 1756 390 fimi-

459 416 567 462 liter
591 414 666 461 die
691 414 845 459 morbi
871 413 1068 469 exitum,
1089 413 1192 477 post
1211 415 1597 477 Qadragefimae
1622 417 1755 481 judi·

458 493 604 545 cium,
647 487 890 551 urinasque
925 489 1160 552 optimam
1195 490 1460 536 ςοᾶὶὶοηεῐῃ
1498 507 1595 554 prae
1620 492 1663 537 se
1687 490 1757 537 fe-

456 578 625 619 rentes,
652 575 833 608 exarata
857 562 1116 625 diligentur
1139 563 1293 610 morbi
1321 563 1526 621 historia,
1550 563 1755 629 bA.Spi-

452 638 608 703 gelius
633 636 916 683 memoravit
938 642 975 684 3.

521 778 579 823 B.
618 776 950 839 O&uagefi1na
990 776 1202 823 similiter
1248 776 1366 830 dieS‚
1409 773 1670 822 decretoria.
1709 774 1757 821 in

453 849 638 913 parium
664 849 886 908 circuitu,
910 850 1138 912 plurimos
1166 849 1212 895 in
1238 849 1384 896 Thafi
1403 848 1749 897 Constitutione

457 938 516 967 ex
542 921 727 984 integro
761 922 993 969 liberavit.
1751 934 1754 937 ’

527 1075 572 1106 1.
611 1060 883 1106 Cleomenis
908 1060 1000 1108 Fil.
1045 1060 1212 1107 hiemis
1261 1060 1397 1107 initio
1429 1059 1592 1107 cibum
1625 1077 1758 1108 aver·

454 1132 673 1180 sabatur:
732 1134 956 1179 vomebat
997 1134 1128 1180 cibos
1177 1150 1231 1179 ac
1269 1133 1526 1196 pituitam:
1576 1135 1762 1198 duobus

457 1222 618 1256 autem
643 1208 880 1256 mensibus
905 1209 999 1256 cibi
1025 1208 1264 1256 fastidium
1289 1210 1486 1262 durabat
1509 1215 1547 1256 4.
1706 1201 1715 1205 ⁵

527 1363 572 1395 2.
610 1345 897 1409 Antiphanis
923 1348 1014 1395 Fil.
1043 1365 1188 1412 prope
1215 1349 1582 1412 Sexagefimam,
1626 1347 1758 1396 finis-

457 1434 531 1468 tro
554 1421 695 1467 oculo
720 1435 1011 1476 excoecatus,
1057 1438 1152 1467 non
1181 1422 1324 1484 longe
1350 1422 1452 1484 post
1477 1422 1618 1469 etiam
1645 1423 1761 1469 dex·-

456 1510 547 1554 tro,
584 1494 762 1558 septem
789 1512 814 1540 a
839 1495 1060 1542 coecitate
1084 1496 1251 1543 diebus
1290 1510 1503 1543 mortuus
1536 1496 1598 1543 est
1624 1499 1659 1544 ⁵.

527 1653 574 1698 3.
621 1637 907 1692 Cleonaffis,
937 1653 1047 1683 cum
1086 1636 1420 1701 septuagesima
1445 1637 1518 1683 die
1562 1636 1655 1684 fine
1688 1637 1760 1685 fe-

458 1714 541 1761 bre
573 1712 743 1768 fumet,
782 1713 950 1759 recidit
987 1713 1157 1759 iterum
1206 1716 1253 1759 in
1304 1715 1556 1767 morbum3
1597 1715 1760 1760 oerua·

457 1790 637 1853 geslma
676 1790 833 1836 denuo
879 1789 1027 1851 riguit
1065 1805 1110 1836 et
1146 1788 1329 1837 sudavit
1369 1789 1599 1836 multum:
1648 1794 1762 1853 per-

446 1864 579 1913 ‘feeke
595 1865 837 1929 judicatus
863 1864 924 1910 est
948 1864 986 1912 ⁶.

525 2031 574 2072 4.
611 2014 803 2070 Meton,
830 2029 940 2060 cum
967 2012 1318 2076 quadragesima
1343 2011 1418 2058 die
1456 2011 1498 2058 ei
1540 2026 1628 2075 pus
1654 2027 1760 2059 eru-

459 2088 610 2152 piffet,
637 2089 977 2153 repurgabatur
1002 2089 1122 2153 post,
1145 2088 1311 2136 diebus
1332 2087 1456 2135 circa
1479 2088 1690 2151 quinque
1714 2098 1761 2135 et

461 2164 656 2230 triginta
680 2169 715 2213 ⁷.

509 2588 524 2634 3
553 2584 669 2625 conf.
690 2587 796 2641 AEgr.
818 2589 871 2627 iv.
892 2590 985 2627 Diei
1002 2589 1092 2628 XL.

1543 2652 1589 2700 5.
1627 2637 1756 2686 Poli-
