1932 3319
466 229 833 292 AEGROT.
896 243 1010 290 ET
1070 246 1265 294 SAN.
1438 263 1496 313 97

287 390 333 439 5.
364 375 606 423 Policratis
645 376 800 431 Uxor,
857 375 1191 441 septuagesima
1238 378 1379 426 febris
1425 382 1502 430 die

220 448 498 496 extrinsecus
535 448 672 495 valde
719 448 907 512 friguit:
956 450 1055 496 dies
1099 451 1181 514 ipsi
1218 454 1502 501 accesserunt

213 522 530 586 perfrigeratae
555 523 799 588 plusquam
815 524 1024 587 quinque
1046 543 1055 571 ε
1091 527 1192 589 post
1212 529 1393 590 primos
1416 544 1501 574 au-

215 608 312 643 tem
331 600 635 662 purulentum
656 613 866 644 excreare
895 598 1217 660 perseverabat
1244 612 1278 650 9.

286 740 333 786 6.
369 736 551 785 Mulier
575 737 621 784 in
645 736 803 784 Thaso
841 736 1047 784 recidiva
1080 756 1103 785 a
1128 741 1380 804 Vigefimae
1402 742 1503 805 sep-

187 853 189 858 ⁴
215 812 345 859 timae
361 810 547 873 judicio
571 809 744 872 pluries
768 806 937 856 morbo
972 821 1146 860 tentata
1187 815 1277 861 est:
1319 815 1506 862 tandem

215 884 530 947 octuagesima
555 883 628 929 die
654 882 716 929 est
740 897 924 931 mortua
950 886 999 931 ¹⁰.
1535 886 1538 887 ⁷

397 1096 443 1142 D
492 1096 513 1142 Ι
561 1094 603 1141 Ε
651 1096 681 1140 S
752 1097 864 1144 XC.
908 1099 965 1145 C.
1009 1099 1170 1146 CXX.
1215 1097 1318 1148 CC.

279 1231 344 1277 A.
378 1229 697 1292 Praeterquam
731 1231 860 1294 quod
901 1231 1202 1279 trimestrium
1228 1234 1504 1281 morborum

215 1301 431 1364 exempla
474 1300 785 1363 Hippocratis
826 1303 1098 1350 auctoritate
1123 1304 1349 1361 constent,
1384 1306 1504 1368 ejus-2-

214 1375 346 1422 modi
372 1374 474 1420 sunt
491 1377 807 1422 conversiones
834 1388 879 1420 et
903 1376 1052 1422 exitus
1073 1377 1364 1434 morborum,
1381 1395 1502 1442 quon

212 1465 317 1495 rum
341 1448 405 1494 est
430 1446 646 1510 proxima
670 1464 777 1495 cum
819 1449 926 1496 anni
952 1450 1225 1513 tempestate
1261 1453 1399 1500 ratio.

277 1592 335 1637 B.
372 1591 514 1636 Extat
532 1591 780 1637 centefima
819 1591 917 1638 dies
959 1592 1077 1638 inter
1116 1592 1342 1640 circuitus
1370 1611 1501 1656 pares

200 1666 469 1732 judicantes
521 1665 566 1711 in
607 1667 840 1714 nonnullis
891 1669 1202 1731 Hippocratis
1261 1673 1501 1734 exempla-

210 1741 337 1787 ribus
363 1757 388 1786 a
427 1740 590 1786 Foefio
614 1741 841 1787 conlatis:
880 1742 1158 1789 ommittunt
1194 1742 1299 1790 alia.
1362 1744 1501 1807 Ejus-

208 1817 339 1864 modi
366 1814 544 1879 periodi
574 1815 811 1879 perspicue
846 1817 1166 1880 Hippocrates
1209 1821 1429 1867 meminit
1455 1822 1501 1868 in

211 1890 507 1953 Herophito.

279 2037 338 2084 C.
375 2038 576 2085 Addunt
613 2052 659 2085 et
700 2039 911 2085 nonnulli
954 2037 1139 2086 codices
1174 2040 1496 2098 centesimum,

208 2123 255 2157 et
278 2109 557 2173 vigesimum
577 2112 722 2167 diem,
757 2112 977 2175 huncque
1002 2128 1112 2159 cum
1137 2113 1388 2160 centefimo
1414 2114 1498 2160 de-

209 2184 461 2231 cretorium
512 2185 599 2231 esse
642 2183 815 2230 censuit
857 2185 1082 2231 Galenus.
1156 2187 1334 2233 Contra
1373 2204 1497 2251 quae,

211 2258 416 2306 Sthalius
451 2274 527 2304 eos
564 2274 730 2304 omnes
767 2258 1131 2321 improbaverat,
1177 2260 1340 2323 quiex
1366 2262 1497 2324 Hip-

206 2344 398 2394 pocrate
423 2331 638 2376 lacernam
663 2330 853 2394 aliquam
881 2330 1178 2389 adducentes,
1222 2334 1497 2380 morborum

189 2406 382 2476 judicia
404 2405 450 2451 in
484 2405 606 2452 hunc
632 2405 775 2467 usque
812 2406 939 2453 diem
965 2407 1150 2453 extendi
1174 2409 1302 2471 poffe
1323 2408 1498 2470 stupido

254 2593 274 2618 ο
300 2590 414 2643 Epm.
435 2589 633 2640 vuseez.
656 2589 681 2626 i.

254 2647 290 2689 ΞΟ
315 2650 422 2700 Confi
437 2648 542 2701 AEgr,
564 2648 618 2686 iii.
641 2650 731 2687 Diei
750 2649 925 2689 XXVII.

910 2724 961 2771 Ι-Ῑ.
1367 2726 1504 2774 alicui
1548 2758 1561 2770 ,
