<?xml version="1.0" encoding="UTF-8"?>
<!DOCTYPE html PUBLIC "-//W3C//DTD XHTML 1.0 Transitional//EN"
    "http://www.w3.org/TR/xhtml1/DTD/xhtml1-transitional.dtd">
<html xmlns="http://www.w3.org/1999/xhtml" xml:lang="en" lang="en">
 <head>
  <title>
</title>
<meta http-equiv="Content-Type" content="text/html;charset=utf-8" />
  <meta name='ocr-system' content='tesseract 3.04.00' />
  <meta name='ocr-capabilities' content='ocr_page ocr_carea ocr_par ocr_line ocrx_word'/>
</head>
<body>
  <div class='ocr_page' id='page_1' title='image "./devitalibusperio01testuoft_0166.png"; bbox 0 0 1932 3319; ppageno 0'>
   <div class='ocr_carea' id='block_1_1' title="bbox 436 262 1484 313">
    <p class='ocr_par' dir='ltr' id='par_1_1' title="bbox 436 262 1484 313">
     <span class='ocr_line' id='line_1_1' title="bbox 436 262 1484 313; baseline 0.002 -2"><span class='ocrx_word' id='word_1_1' title='bbox 436 263 528 313; x_wconf 80' lang='lat'>106</span> <span class='ocrx_word' id='word_1_2' title='bbox 680 264 796 311; x_wconf 92' lang='lat' dir='ltr'>DE</span> <span class='ocrx_word' id='word_1_3' title='bbox 853 263 1036 312; x_wconf 88' lang='lat' dir='ltr'><strong>VIT.</strong></span> <span class='ocrx_word' id='word_1_4' title='bbox 1096 262 1484 313; x_wconf 79' lang='lat' dir='ltr'><strong>PERIOD‚</strong></span> 
     </span>
    </p>
   </div>
   <div class='ocr_carea' id='block_1_2' title="bbox 424 394 1716 534">
    <p class='ocr_par' dir='ltr' id='par_1_2' title="bbox 424 394 1716 534">
     <span class='ocr_line' id='line_1_2' title="bbox 424 394 1716 460; baseline -0.001 -15"><span class='ocrx_word' id='word_1_5' title='bbox 424 398 482 445; x_wconf 91' lang='lat' dir='ltr'>P.</span> <span class='ocrx_word' id='word_1_6' title='bbox 497 395 784 444; x_wconf 86' lang='lat' dir='ltr'>Martianus:</span> <span class='ocrx_word' id='word_1_7' title='bbox 808 413 886 444; x_wconf 88' lang='lat' dir='ltr'>eos</span> <span class='ocrx_word' id='word_1_8' title='bbox 904 403 1104 459; x_wconf 79' lang='lat' dir='ltr'>namque</span> <span class='ocrx_word' id='word_1_9' title='bbox 1117 410 1333 442; x_wconf 89' lang='lat' dir='ltr'>numeros</span> <span class='ocrx_word' id='word_1_10' title='bbox 1353 394 1716 460; x_wconf 76' lang='lat' dir='ltr'>ita&#39;copulandos</span> 
     </span>
     <span class='ocr_line' id='line_1_3' title="bbox 424 468 1715 534; baseline 0.001 -18"><span class='ocrx_word' id='word_1_11' title='bbox 424 469 512 517; x_wconf 83' lang='lat' dir='ltr'>effe</span> <span class='ocrx_word' id='word_1_12' title='bbox 535 482 714 526; x_wconf 87' lang='lat' dir='ltr'>monet,</span> <span class='ocrx_word' id='word_1_13' title='bbox 756 484 809 516; x_wconf 93' lang='lat' dir='ltr'>ut</span> <span class='ocrx_word' id='word_1_14' title='bbox 840 470 1033 517; x_wconf 88' lang='lat' dir='ltr'>ultimus</span> <span class='ocrx_word' id='word_1_15' title='bbox 1070 469 1168 517; x_wconf 87' lang='lat' dir='ltr'>dies</span> <span class='ocrx_word' id='word_1_16' title='bbox 1192 468 1501 533; x_wconf 84' lang='lat' dir='ltr'>praecedentis</span> <span class='ocrx_word' id='word_1_17' title='bbox 1538 469 1715 534; x_wconf 86' lang='lat' dir='ltr'>periodi</span> 
     </span>
    </p>
   </div>
   <div class='ocr_carea' id='block_1_3' title="bbox 419 542 1720 690">
    <p class='ocr_par' dir='ltr' id='par_1_3' title="bbox 419 542 1720 674">
     <span class='ocr_line' id='line_1_4' title="bbox 420 542 1720 608; baseline 0.001 -18"><span class='ocrx_word' id='word_1_18' title='bbox 420 543 604 608; x_wconf 85' lang='lat' dir='ltr'>primus</span> <span class='ocrx_word' id='word_1_19' title='bbox 632 543 687 589; x_wconf 80' lang='lat' dir='ltr'>fit</span> <span class='ocrx_word' id='word_1_20' title='bbox 709 542 1046 607; x_wconf 76' lang='lat' dir='ltr'>subsequentis,</span> <span class='ocrx_word' id='word_1_21' title='bbox 1082 557 1134 590; x_wconf 91' lang='lat' dir='ltr'>ut</span> <span class='ocrx_word' id='word_1_22' title='bbox 1158 561 1206 591; x_wconf 88' lang='lat' dir='ltr'>v.</span> <span class='ocrx_word' id='word_1_23' title='bbox 1272 544 1442 589; x_wconf 78' lang='lat' dir='ltr'>‚tertia</span> <span class='ocrx_word' id='word_1_24' title='bbox 1461 544 1575 600; x_wconf 90' lang='lat' dir='ltr'>dies,</span> <span class='ocrx_word' id='word_1_25' title='bbox 1612 559 1720 607; x_wconf 82' lang='lat' dir='ltr'>quae</span> 
     </span>
     <span class='ocr_line' id='line_1_5' title="bbox 419 610 1716 690; baseline 0 -34"><span class='ocrx_word' id='word_1_26' title='bbox 419 626 632 674; x_wconf 80' lang='lat' dir='ltr'>primum</span> <span class='ocrx_word' id='word_1_27' title='bbox 677 611 929 658; x_wconf 86' lang='lat' dir='ltr'>ternarium</span> <span class='ocrx_word' id='word_1_28' title='bbox 960 610 1178 668; x_wconf 82' lang='lat' dir='ltr'>absolvit,</span> <span class='ocrx_word' id='word_1_29' title='bbox 1228 610 1261 657; x_wconf 83' lang='lat' dir='ltr'>fi</span> <span class='ocrx_word' id='word_1_30' title='bbox 1293 610 1446 690; x_wconf 79' lang='lat' dir='ltr'>prima</span> <span class='ocrx_word' id='word_1_31' title='bbox 1478 611 1627 658; x_wconf 88' lang='lat' dir='ltr'>rursus</span> <span class='ocrx_word' id='word_1_32' title='bbox 1652 610 1716 656; x_wconf 75' lang='lat' dir='ltr'>ie-</span> 
     </span>
    </p>
   </div>
   <div class='ocr_carea' id='block_1_4' title="bbox 423 682 1746 1120">
    <p class='ocr_par' dir='ltr' id='par_1_4' title="bbox 423 682 1746 1120">
     <span class='ocr_line' id='line_1_6' title="bbox 423 682 1719 747; baseline -0.001 -16"><span class='ocrx_word' id='word_1_33' title='bbox 423 684 570 731; x_wconf 89' lang='lat' dir='ltr'>cundi</span> <span class='ocrx_word' id='word_1_34' title='bbox 597 685 782 731; x_wconf 86' lang='lat' dir='ltr'>ternarii</span> <span class='ocrx_word' id='word_1_35' title='bbox 803 685 1123 741; x_wconf 86' lang='lat' dir='ltr'>constituatur,</span> <span class='ocrx_word' id='word_1_36' title='bbox 1169 683 1276 731; x_wconf 90' lang='lat' dir='ltr'>inde</span> <span class='ocrx_word' id='word_1_37' title='bbox 1301 683 1464 747; x_wconf 87' lang='lat' dir='ltr'>quinta</span> <span class='ocrx_word' id='word_1_38' title='bbox 1489 682 1719 731; x_wconf 78' lang='lat' dir='ltr'>constabit</span> 
     </span>
     <span class='ocr_line' id='line_1_7' title="bbox 424 757 1717 823; baseline -0.001 -18"><span class='ocrx_word' id='word_1_39' title='bbox 424 773 530 823; x_wconf 87' lang='lat' dir='ltr'>quae</span> <span class='ocrx_word' id='word_1_40' title='bbox 577 758 740 806; x_wconf 88' lang='lat' dir='ltr'>critica</span> <span class='ocrx_word' id='word_1_41' title='bbox 793 759 856 805; x_wconf 90' lang='lat' dir='ltr'>est</span> <span class='ocrx_word' id='word_1_42' title='bbox 882 777 895 805; x_wconf 70' lang='grc' dir='ltr'>ε</span> <span class='ocrx_word' id='word_1_43' title='bbox 969 757 1208 821; x_wconf 83' lang='lat' dir='ltr'>rursusque</span> <span class='ocrx_word' id='word_1_44' title='bbox 1263 758 1301 804; x_wconf 85' lang='lat' dir='ltr'>fi</span> <span class='ocrx_word' id='word_1_45' title='bbox 1354 758 1518 805; x_wconf 85' lang='lat' dir='ltr'>tertius</span> <span class='ocrx_word' id='word_1_46' title='bbox 1566 770 1717 805; x_wconf 84' lang='lat' dir='ltr'>terna-</span> 
     </span>
     <span class='ocr_line' id='line_1_8' title="bbox 424 831 1719 897; baseline 0.002 -18"><span class='ocrx_word' id='word_1_47' title='bbox 424 833 522 879; x_wconf 86' lang='lat' dir='ltr'>rius</span> <span class='ocrx_word' id='word_1_48' title='bbox 563 833 727 879; x_wconf 88' lang='lat' dir='ltr'>eadem</span> <span class='ocrx_word' id='word_1_49' title='bbox 767 833 946 880; x_wconf 87' lang='lat' dir='ltr'>ratione</span> <span class='ocrx_word' id='word_1_50' title='bbox 992 833 1045 880; x_wconf 91' lang='lat' dir='ltr'>iis</span> <span class='ocrx_word' id='word_1_51' title='bbox 1080 832 1325 897; x_wconf 84' lang='lat' dir='ltr'>jungatur,</span> <span class='ocrx_word' id='word_1_52' title='bbox 1364 831 1561 896; x_wconf 85' lang='lat' dir='ltr'>septima</span> <span class='ocrx_word' id='word_1_53' title='bbox 1606 834 1719 881; x_wconf 84' lang='lat' dir='ltr'>fiet:</span> 
     </span>
     <span class='ocr_line' id='line_1_9' title="bbox 425 906 1746 970; baseline -0.002 -16"><span class='ocrx_word' id='word_1_54' title='bbox 425 906 638 954; x_wconf 77' lang='lat' dir='ltr'>{imiliter</span> <span class='ocrx_word' id='word_1_55' title='bbox 661 907 942 970; x_wconf 80' lang='lat' dir='ltr'>quaternarii</span> <span class='ocrx_word' id='word_1_56' title='bbox 967 908 1063 954; x_wconf 90' lang='lat' dir='ltr'>duo</span> <span class='ocrx_word' id='word_1_57' title='bbox 1095 906 1611 970; x_wconf 61' lang='lat' dir='ltr'>conjunotiseptimum</span> <span class='ocrx_word' id='word_1_58' title='bbox 1636 906 1721 952; x_wconf 87' lang='lat' dir='ltr'>da-</span> <span class='ocrx_word' id='word_1_59' title='bbox 1743 920 1746 922; x_wconf 80' lang='grc'><em>·</em></span> 
     </span>
     <span class='ocr_line' id='line_1_10' title="bbox 424 979 1720 1044; baseline 0.001 -17"><span class='ocrx_word' id='word_1_60' title='bbox 424 981 564 1036; x_wconf 88' lang='lat' dir='ltr'>bunt,</span> <span class='ocrx_word' id='word_1_61' title='bbox 604 980 762 1044; x_wconf 81' lang='lat' dir='ltr'>hisque</span> <span class='ocrx_word' id='word_1_62' title='bbox 786 982 818 1028; x_wconf 88' lang='lat' dir='ltr'>s1</span> <span class='ocrx_word' id='word_1_63' title='bbox 838 982 955 1028; x_wconf 86' lang='lat' dir='ltr'>duos</span> <span class='ocrx_word' id='word_1_64' title='bbox 979 979 1129 1028; x_wconf 90' lang='lat' dir='ltr'>rursus</span> <span class='ocrx_word' id='word_1_65' title='bbox 1149 980 1465 1044; x_wconf 87' lang='lat' dir='ltr'>quaternarios</span> <span class='ocrx_word' id='word_1_66' title='bbox 1486 981 1720 1038; x_wconf 59' lang='lat' dir='ltr'>admotas,</span> 
     </span>
     <span class='ocr_line' id='line_1_11' title="bbox 426 1054 1353 1120; baseline 0 -19"><span class='ocrx_word' id='word_1_67' title='bbox 426 1054 474 1101; x_wconf 91' lang='lat' dir='ltr'>in</span> <span class='ocrx_word' id='word_1_68' title='bbox 499 1055 735 1101; x_wconf 82' lang='lat' dir='ltr'>decimam</span> <span class='ocrx_word' id='word_1_69' title='bbox 759 1070 973 1120; x_wconf 84' lang='lat' dir='ltr'>quartam</span> <span class='ocrx_word' id='word_1_70' title='bbox 989 1055 1117 1102; x_wconf 90' lang='lat' dir='ltr'>diem</span> <span class='ocrx_word' id='word_1_71' title='bbox 1136 1055 1353 1102; x_wconf 84' lang='lat' dir='ltr'>evadent.</span> 
     </span>
    </p>
   </div>
   <div class='ocr_carea' id='block_1_5' title="bbox 417 1183 1726 2431">
    <p class='ocr_par' dir='ltr' id='par_1_5' title="bbox 417 1183 1726 2431">
     <span class='ocr_line' id='line_1_12' title="bbox 487 1183 1721 1252; baseline -0.001 -17"><span class='ocrx_word' id='word_1_72' title='bbox 487 1204 538 1245; x_wconf 90' lang='lat'>4.</span> <span class='ocrx_word' id='word_1_73' title='bbox 575 1187 888 1236; x_wconf 84' lang='lat' dir='ltr'>Reversuram</span> <span class='ocrx_word' id='word_1_74' title='bbox 919 1200 1143 1252; x_wconf 82' lang='lat' dir='ltr'>praeterea</span> <span class='ocrx_word' id='word_1_75' title='bbox 1178 1183 1375 1244; x_wconf 85' lang='lat' dir='ltr'>febrem,</span> <span class='ocrx_word' id='word_1_76' title='bbox 1423 1186 1454 1233; x_wconf 78' lang='lat' dir='ltr'>si</span> <span class='ocrx_word' id='word_1_77' title='bbox 1485 1204 1578 1236; x_wconf 90' lang='lat' dir='ltr'>non</span> <span class='ocrx_word' id='word_1_78' title='bbox 1602 1187 1721 1234; x_wconf 83' lang='lat' dir='ltr'>defi-</span> 
     </span>
     <span class='ocr_line' id='line_1_13' title="bbox 425 1261 1721 1325; baseline 0.001 -16"><span class='ocrx_word' id='word_1_79' title='bbox 425 1262 528 1309; x_wconf 83' lang='lat' dir='ltr'>iffet</span> <span class='ocrx_word' id='word_1_80' title='bbox 567 1264 729 1325; x_wconf 80' lang='lat' dir='ltr'>impari</span> <span class='ocrx_word' id='word_1_81' title='bbox 743 1262 761 1284; x_wconf 88' lang='lat'><strong>⁶</strong></span> <span class='ocrx_word' id='word_1_82' title='bbox 804 1264 899 1319; x_wconf 87' lang='lat' dir='ltr'>die,</span> <span class='ocrx_word' id='word_1_83' title='bbox 952 1261 1325 1323; x_wconf 86' lang='lat' dir='ltr'>morborumque</span> <span class='ocrx_word' id='word_1_84' title='bbox 1362 1261 1721 1325; x_wconf 81' lang='lat' dir='ltr'>interceptiones</span> 
     </span>
     <span class='ocr_line' id='line_1_14' title="bbox 423 1331 1724 1398; baseline 0.002 -18"><span class='ocrx_word' id='word_1_85' title='bbox 423 1336 504 1381; x_wconf 85' lang='lat' dir='ltr'>vix</span> <span class='ocrx_word' id='word_1_86' title='bbox 550 1334 649 1388; x_wconf 79' lang='lat' dir='ltr'>alio,</span> <span class='ocrx_word' id='word_1_87' title='bbox 684 1334 785 1381; x_wconf 87' lang='lat' dir='ltr'>fieri</span> <span class='ocrx_word' id='word_1_88' title='bbox 822 1334 948 1397; x_wconf 88' lang='lat' dir='ltr'>posse</span> <span class='ocrx_word' id='word_1_89' title='bbox 994 1346 1206 1397; x_wconf 89' lang='lat' dir='ltr'>tempore</span> <span class='ocrx_word' id='word_1_90' title='bbox 1237 1331 1503 1395; x_wconf 84' lang='lat' dir='ltr'>judicabat,</span> <span class='ocrx_word' id='word_1_91' title='bbox 1555 1348 1724 1398; x_wconf 86' lang='lat' dir='ltr'>praeter</span> 
     </span>
     <span class='ocr_line' id='line_1_15' title="bbox 424 1405 1725 1470; baseline 0.004 -18"><span class='ocrx_word' id='word_1_92' title='bbox 424 1422 569 1470; x_wconf 87' lang='lat' dir='ltr'>quam</span> <span class='ocrx_word' id='word_1_93' title='bbox 607 1408 846 1470; x_wconf 80' lang='lat' dir='ltr'>imparibus</span> <span class='ocrx_word' id='word_1_94' title='bbox 866 1408 882 1433; x_wconf 80' lang='lat'>&#39;</span> <span class='ocrx_word' id='word_1_95' title='bbox 903 1405 1069 1452; x_wconf 89' lang='lat' dir='ltr'>diebus</span> <span class='ocrx_word' id='word_1_96' title='bbox 1092 1423 1103 1451; x_wconf 75' lang='grc' dir='ltr'>ε</span> <span class='ocrx_word' id='word_1_97' title='bbox 1135 1407 1384 1468; x_wconf 83' lang='lat' dir='ltr'>oportebat</span> <span class='ocrx_word' id='word_1_98' title='bbox 1407 1407 1547 1456; x_wconf 85' lang='lat' dir='ltr'>etiam</span> <span class='ocrx_word' id='word_1_99' title='bbox 1576 1409 1725 1456; x_wconf 90' lang='lat' dir='ltr'>mori-</span> 
     </span>
     <span class='ocr_line' id='line_1_16' title="bbox 423 1479 1726 1545; baseline 0.002 -19"><span class='ocrx_word' id='word_1_100' title='bbox 423 1493 571 1536; x_wconf 86' lang='lat' dir='ltr'>entes,</span> <span class='ocrx_word' id='word_1_101' title='bbox 596 1481 672 1528; x_wconf 88' lang='lat' dir='ltr'>die</span> <span class='ocrx_word' id='word_1_102' title='bbox 697 1483 873 1542; x_wconf 76' lang='lat' dir='ltr'>impari,</span> <span class='ocrx_word' id='word_1_103' title='bbox 901 1496 954 1527; x_wconf 86' lang='lat' dir='ltr'>ae</span> <span class='ocrx_word' id='word_1_104' title='bbox 975 1479 1128 1526; x_wconf 84' lang='lat' dir='ltr'>mense</span> <span class='ocrx_word' id='word_1_105' title='bbox 1153 1481 1330 1542; x_wconf 74' lang='lat' dir='ltr'>impari,</span> <span class='ocrx_word' id='word_1_106' title='bbox 1351 1494 1396 1527; x_wconf 89' lang='lat' dir='ltr'>et</span> <span class='ocrx_word' id='word_1_107' title='bbox 1418 1498 1541 1528; x_wconf 85' lang='lat' dir='ltr'>anno</span> <span class='ocrx_word' id='word_1_108' title='bbox 1561 1483 1726 1545; x_wconf 74' lang='lat' dir='ltr'>impari</span> 
     </span>
     <span class='ocr_line' id='line_1_17' title="bbox 421 1553 1723 1621; baseline 0.004 -21"><span class='ocrx_word' id='word_1_109' title='bbox 421 1553 543 1600; x_wconf 87' lang='lat' dir='ltr'>mori</span> <span class='ocrx_word' id='word_1_110' title='bbox 565 1553 598 1601; x_wconf 82' lang='lat'>⁹.</span> <span class='ocrx_word' id='word_1_111' title='bbox 626 1555 699 1602; x_wconf 88' lang='lat' dir='ltr'>Ea</span> <span class='ocrx_word' id='word_1_112' title='bbox 722 1554 948 1611; x_wconf 73' lang='lat' dir='ltr'>similiter,</span> <span class='ocrx_word' id='word_1_113' title='bbox 999 1569 1106 1617; x_wconf 84' lang='lat' dir='ltr'>quae</span> <span class='ocrx_word' id='word_1_114' title='bbox 1130 1553 1283 1601; x_wconf 87' lang='lat' dir='ltr'>morbi</span> <span class='ocrx_word' id='word_1_115' title='bbox 1308 1553 1587 1603; x_wconf 90' lang='lat' dir='ltr'>solutionem</span> <span class='ocrx_word' id='word_1_116' title='bbox 1604 1573 1723 1621; x_wconf 82' lang='lat' dir='ltr'>prae-</span> 
     </span>
     <span class='ocr_line' id='line_1_18' title="bbox 424 1626 1722 1693; baseline 0.004 -21"><span class='ocrx_word' id='word_1_117' title='bbox 424 1626 709 1684; x_wconf 81' lang='lat' dir='ltr'>nuntiarent,</span> <span class='ocrx_word' id='word_1_118' title='bbox 758 1627 923 1674; x_wconf 88' lang='lat' dir='ltr'>diebus</span> <span class='ocrx_word' id='word_1_119' title='bbox 970 1626 1177 1673; x_wconf 78' lang='lat' dir='ltr'>maxime</span> <span class='ocrx_word' id='word_1_120' title='bbox 1218 1628 1459 1689; x_wconf 78' lang='lat' dir='ltr'>imparibus</span> <span class='ocrx_word' id='word_1_121' title='bbox 1497 1644 1606 1675; x_wconf 89' lang='lat' dir='ltr'>cum</span> <span class='ocrx_word' id='word_1_122' title='bbox 1638 1647 1722 1693; x_wconf 89' lang='lat' dir='ltr'>ap-</span> 
     </span>
     <span class='ocr_line' id='line_1_19' title="bbox 422 1699 1723 1765; baseline 0.003 -19"><span class='ocrx_word' id='word_1_123' title='bbox 422 1715 654 1763; x_wconf 81' lang='lat' dir='ltr'>parerent,</span> <span class='ocrx_word' id='word_1_124' title='bbox 679 1700 1035 1748; x_wconf 84' lang='lat' dir='ltr'>fortunatiffima</span> <span class='ocrx_word' id='word_1_125' title='bbox 1054 1702 1171 1754; x_wconf 81' lang='lat' dir='ltr'>effe3</span> <span class='ocrx_word' id='word_1_126' title='bbox 1207 1699 1353 1747; x_wconf 85' lang='lat' dir='ltr'>veluti</span> <span class='ocrx_word' id='word_1_127' title='bbox 1376 1718 1487 1759; x_wconf 81' lang='lat' dir='ltr'>vox,</span> <span class='ocrx_word' id='word_1_128' title='bbox 1511 1718 1619 1765; x_wconf 83' lang='lat' dir='ltr'>quae</span> <span class='ocrx_word' id='word_1_129' title='bbox 1641 1706 1723 1750; x_wconf 86' lang='lat' dir='ltr'>im-</span> 
     </span>
     <span class='ocr_line' id='line_1_20' title="bbox 417 1774 1722 1838; baseline 0.003 -18"><span class='ocrx_word' id='word_1_130' title='bbox 417 1777 528 1836; x_wconf 82' lang='lat' dir='ltr'>pari</span> <span class='ocrx_word' id='word_1_131' title='bbox 550 1775 626 1821; x_wconf 86' lang='lat' dir='ltr'>die</span> <span class='ocrx_word' id='word_1_132' title='bbox 652 1775 800 1821; x_wconf 83' lang='lat' dir='ltr'>soluta</span> <span class='ocrx_word' id='word_1_133' title='bbox 825 1775 871 1821; x_wconf 90' lang='lat' dir='ltr'>in</span> <span class='ocrx_word' id='word_1_134' title='bbox 894 1774 1286 1830; x_wconf 64' lang='lat' dir='ltr'>convulfionibm,</span> <span class='ocrx_word' id='word_1_135' title='bbox 1333 1791 1358 1820; x_wconf 87' lang='lat' dir='ltr'>a</span> <span class='ocrx_word' id='word_1_136' title='bbox 1382 1775 1568 1838; x_wconf 81' lang='lat' dir='ltr'>magnis</span> <span class='ocrx_word' id='word_1_137' title='bbox 1594 1793 1722 1824; x_wconf 90' lang='lat' dir='ltr'>mor-</span> 
     </span>
     <span class='ocr_line' id='line_1_21' title="bbox 425 1847 1724 1900; baseline 0.005 -6"><span class='ocrx_word' id='word_1_138' title='bbox 425 1848 497 1895; x_wconf 91' lang='lat' dir='ltr'>bis</span> <span class='ocrx_word' id='word_1_139' title='bbox 517 1848 732 1895; x_wconf 85' lang='lat' dir='ltr'>liberaret</span> <span class='ocrx_word' id='word_1_140' title='bbox 745 1853 781 1896; x_wconf 78' lang='lat'>⁰.</span> <span class='ocrx_word' id='word_1_141' title='bbox 851 1849 983 1897; x_wconf 86' lang='lat' dir='ltr'>Alibi</span> <span class='ocrx_word' id='word_1_142' title='bbox 1008 1849 1151 1896; x_wconf 84' lang='lat' dir='ltr'>etiam</span> <span class='ocrx_word' id='word_1_143' title='bbox 1171 1847 1415 1895; x_wconf 86' lang='lat' dir='ltr'>sanitatem</span> <span class='ocrx_word' id='word_1_144' title='bbox 1441 1862 1488 1895; x_wconf 89' lang='lat' dir='ltr'>et</span> <span class='ocrx_word' id='word_1_145' title='bbox 1519 1863 1724 1900; x_wconf 88' lang='lat' dir='ltr'>mortem</span> 
     </span>
     <span class='ocr_line' id='line_1_22' title="bbox 424 1921 1721 1986; baseline 0.002 -19"><span class='ocrx_word' id='word_1_146' title='bbox 424 1921 485 1967; x_wconf 89' lang='lat' dir='ltr'>ab</span> <span class='ocrx_word' id='word_1_147' title='bbox 510 1922 676 1968; x_wconf 86' lang='lat' dir='ltr'>eadem</span> <span class='ocrx_word' id='word_1_148' title='bbox 702 1922 885 1977; x_wconf 83' lang='lat' dir='ltr'>dierum</span> <span class='ocrx_word' id='word_1_149' title='bbox 904 1925 1158 1986; x_wconf 76' lang='lat' dir='ltr'>imparitate</span> <span class='ocrx_word' id='word_1_150' title='bbox 1181 1921 1277 1985; x_wconf 85' lang='lat' dir='ltr'>regi</span> <span class='ocrx_word' id='word_1_151' title='bbox 1303 1921 1424 1980; x_wconf 88' lang='lat' dir='ltr'>vult,</span> <span class='ocrx_word' id='word_1_152' title='bbox 1460 1923 1721 1986; x_wconf 65' lang='lat' dir='ltr'>imparibigs-</span> 
     </span>
     <span class='ocr_line' id='line_1_23' title="bbox 424 1995 1722 2061; baseline 0.002 -20"><span class='ocrx_word' id='word_1_153' title='bbox 424 2012 505 2057; x_wconf 78' lang='lat' dir='ltr'>que</span> <span class='ocrx_word' id='word_1_154' title='bbox 527 1996 691 2043; x_wconf 88' lang='lat' dir='ltr'>diebus</span> <span class='ocrx_word' id='word_1_155' title='bbox 716 1997 990 2044; x_wconf 87' lang='lat' dir='ltr'>morborum</span> <span class='ocrx_word' id='word_1_156' title='bbox 1030 1998 1236 2061; x_wconf 81' lang='lat' dir='ltr'>impetus</span> <span class='ocrx_word' id='word_1_157' title='bbox 1268 1995 1456 2052; x_wconf 90' lang='lat' dir='ltr'>irruere,</span> <span class='ocrx_word' id='word_1_158' title='bbox 1497 1997 1722 2044; x_wconf 87' lang='lat' dir='ltr'>Naturae-</span> 
     </span>
     <span class='ocr_line' id='line_1_24' title="bbox 426 2069 1721 2134; baseline 0.005 -20"><span class='ocrx_word' id='word_1_159' title='bbox 426 2085 518 2132; x_wconf 78' lang='lat' dir='ltr'>que</span> <span class='ocrx_word' id='word_1_160' title='bbox 543 2070 678 2117; x_wconf 80' lang='lat' dir='ltr'>fimul</span> <span class='ocrx_word' id='word_1_161' title='bbox 702 2071 821 2118; x_wconf 83' lang='lat' dir='ltr'>vires</span> <span class='ocrx_word' id='word_1_162' title='bbox 849 2071 1048 2127; x_wconf 83' lang='lat' dir='ltr'>incitari,</span> <span class='ocrx_word' id='word_1_163' title='bbox 1085 2084 1138 2118; x_wconf 90' lang='lat' dir='ltr'>ut</span> <span class='ocrx_word' id='word_1_164' title='bbox 1162 2083 1405 2134; x_wconf 85' lang='lat' dir='ltr'>propterea</span> <span class='ocrx_word' id='word_1_165' title='bbox 1446 2069 1493 2117; x_wconf 88' lang='lat' dir='ltr'>in</span> <span class='ocrx_word' id='word_1_166' title='bbox 1534 2072 1721 2134; x_wconf 71' lang='lat' dir='ltr'>impares</span> 
     </span>
     <span class='ocr_line' id='line_1_25' title="bbox 424 2141 1723 2208; baseline 0.005 -22"><span class='ocrx_word' id='word_1_167' title='bbox 424 2141 522 2188; x_wconf 80' lang='lat' dir='ltr'>dies</span> <span class='ocrx_word' id='word_1_168' title='bbox 562 2143 799 2191; x_wconf 85' lang='lat' dir='ltr'>summum</span> <span class='ocrx_word' id='word_1_169' title='bbox 841 2146 993 2192; x_wconf 88' lang='lat' dir='ltr'>morbi</span> <span class='ocrx_word' id='word_1_170' title='bbox 1023 2145 1264 2208; x_wconf 88' lang='lat' dir='ltr'>judicium</span> <span class='ocrx_word' id='word_1_171' title='bbox 1303 2144 1470 2190; x_wconf 88' lang='lat' dir='ltr'>cadat:</span> <span class='ocrx_word' id='word_1_172' title='bbox 1507 2145 1723 2208; x_wconf 86' lang='lat' dir='ltr'>quando-</span> 
     </span>
     <span class='ocr_line' id='line_1_26' title="bbox 424 2217 1720 2285; baseline 0.005 -23"><span class='ocrx_word' id='word_1_173' title='bbox 424 2217 619 2278; x_wconf 84' lang='lat' dir='ltr'>quidem</span> <span class='ocrx_word' id='word_1_174' title='bbox 644 2221 811 2266; x_wconf 86' lang='lat' dir='ltr'>eodem</span> <span class='ocrx_word' id='word_1_175' title='bbox 835 2221 968 2267; x_wconf 74' lang='lat' dir='ltr'>simul</span> <span class='ocrx_word' id='word_1_176' title='bbox 995 2220 1097 2269; x_wconf 87' lang='lat' dir='ltr'>foro</span> <span class='ocrx_word' id='word_1_177' title='bbox 1122 2237 1248 2268; x_wconf 90' lang='lat' dir='ltr'>mors</span> <span class='ocrx_word' id='word_1_178' title='bbox 1281 2232 1327 2266; x_wconf 82' lang='lat' dir='ltr'>et</span> <span class='ocrx_word' id='word_1_179' title='bbox 1355 2218 1471 2267; x_wconf 84' lang='lat' dir='ltr'>salus</span> <span class='ocrx_word' id='word_1_180' title='bbox 1488 2219 1720 2285; x_wconf 87' lang='lat' dir='ltr'>judicant,</span> 
     </span>
     <span class='ocr_line' id='line_1_27' title="bbox 424 2291 1719 2360; baseline 0.005 -23"><span class='ocrx_word' id='word_1_181' title='bbox 424 2291 630 2354; x_wconf 62' lang='lat' dir='ltr'>aegrique</span> <span class='ocrx_word' id='word_1_182' title='bbox 672 2308 750 2341; x_wconf 84' lang='lat' dir='ltr'>aut</span> <span class='ocrx_word' id='word_1_183' title='bbox 782 2295 1064 2342; x_wconf 84' lang='lat' dir='ltr'>damnantur</span> <span class='ocrx_word' id='word_1_184' title='bbox 1107 2308 1185 2343; x_wconf 87' lang='lat' dir='ltr'>aut</span> <span class='ocrx_word' id='word_1_185' title='bbox 1228 2291 1543 2353; x_wconf 84' lang='lat' dir='ltr'>absolvuntur,</span> <span class='ocrx_word' id='word_1_186' title='bbox 1591 2295 1719 2360; x_wconf 81' lang='lat' dir='ltr'>quod</span> 
     </span>
     <span class='ocr_line' id='line_1_28' title="bbox 424 2363 1039 2431; baseline 0.011 -23"><span class='ocrx_word' id='word_1_187' title='bbox 424 2363 602 2411; x_wconf 79' lang='lat' dir='ltr'>dixerat</span> <span class='ocrx_word' id='word_1_188' title='bbox 628 2366 674 2413; x_wconf 87' lang='lat' dir='ltr'>in</span> <span class='ocrx_word' id='word_1_189' title='bbox 701 2368 1039 2431; x_wconf 72' lang='lat' dir='ltr'>prognosticis.</span> 
     </span>
    </p>
   </div>
   <div class='ocr_carea' id='block_1_6' title="bbox 470 2522 931 2753">
    <p class='ocr_par' dir='ltr' id='par_1_6' title="bbox 470 2522 931 2638">
     <span class='ocr_line' id='line_1_29' title="bbox 470 2522 931 2577; baseline 0.015 -18"><span class='ocrx_word' id='word_1_190' title='bbox 470 2522 488 2543; x_wconf 74' lang='lat'><strong>⁶</strong></span> <span class='ocrx_word' id='word_1_191' title='bbox 516 2524 612 2574; x_wconf 65' lang='lat' dir='ltr'>Apl&#39;-</span> <span class='ocrx_word' id='word_1_192' title='bbox 645 2525 860 2577; x_wconf 61' lang='lat' dir='ltr'>LXLſs-ft&#39;.</span> <span class='ocrx_word' id='word_1_193' title='bbox 881 2528 931 2566; x_wconf 73' lang='lat' dir='ltr'>iv.</span> 
     </span>
     <span class='ocr_line' id='line_1_30' title="bbox 471 2586 885 2638; baseline 0.012 -19"><span class='ocrx_word' id='word_1_194' title='bbox 471 2590 488 2611; x_wconf 88' lang='grc'>7</span> <span class='ocrx_word' id='word_1_195' title='bbox 516 2586 629 2638; x_wconf 61' lang='lat' dir='ltr'>Epsd.</span> <span class='ocrx_word' id='word_1_196' title='bbox 652 2586 811 2638; x_wconf 69' lang='grc' dir='ltr'>Π.]ἱ·ι’”ἳ.</span> <span class='ocrx_word' id='word_1_197' title='bbox 834 2589 885 2625; x_wconf 71' lang='lat' dir='ltr'>vi.</span> 
     </span>
    </p>

    <p class='ocr_par' dir='ltr' id='par_1_7' title="bbox 473 2646 684 2683">
     <span class='ocr_line' id='line_1_31' title="bbox 473 2646 684 2683; baseline 0 0"><span class='ocrx_word' id='word_1_198' title='bbox 473 2646 486 2666; x_wconf 74' lang='lat'>⁸</span> <span class='ocrx_word' id='word_1_199' title='bbox 516 2647 606 2683; x_wconf 81' lang='lat' dir='ltr'>Loc.</span> <span class='ocrx_word' id='word_1_200' title='bbox 621 2649 684 2683; x_wconf 72' lang='lat' dir='ltr'>cit.</span> 
     </span>
    </p>

    <p class='ocr_par' dir='ltr' id='par_1_8' title="bbox 473 2708 681 2753">
     <span class='ocr_line' id='line_1_32' title="bbox 473 2708 681 2753; baseline 0.005 -10"><span class='ocrx_word' id='word_1_201' title='bbox 473 2711 491 2734; x_wconf 69' lang='lat'>:⁸</span> <span class='ocrx_word' id='word_1_202' title='bbox 519 2708 605 2753; x_wconf 69' lang='lat' dir='ltr'>Les.</span> <span class='ocrx_word' id='word_1_203' title='bbox 621 2710 681 2744; x_wconf 58' lang='lat' dir='ltr'>fif„</span> 
     </span>
    </p>
   </div>
   <div class='ocr_carea' id='block_1_7' title="bbox 1459 2755 1715 2816">
    <p class='ocr_par' dir='ltr' id='par_1_9' title="bbox 1459 2755 1715 2816">
     <span class='ocr_line' id='line_1_33' title="bbox 1459 2755 1715 2816; baseline 0.012 -13"><span class='ocrx_word' id='word_1_204' title='bbox 1459 2775 1496 2809; x_wconf 69' lang='grc' dir='ltr'>ς,</span> <span class='ocrx_word' id='word_1_205' title='bbox 1535 2755 1715 2816; x_wconf 65' lang='lat' dir='ltr'>Eorum,</span> 
     </span>
    </p>
   </div>
  </div>
 </body>
</html>
