1932 3319
426 272 494 323 74
638 259 779 309 vDE
835 260 1020 311 VIT.
1080 262 1466 314 PERIOD.

496 396 572 440 14.
609 380 828 429 Lariffaea
861 381 1032 428 mulier
1052 397 1317 446 praegnanS,
1350 382 1409 431 de
1449 398 1542 448 qua
1582 381 1713 441 alibi,

425 453 696 520 sanguinem
708 455 947 521 copiosum
966 457 1143 504 dimisit
1159 459 1512 522 quatuordecim
1531 459 1713 515 diebus,

425 548 519 596 quo
542 532 618 580 die
641 549 757 597 puer
781 544 994 580 mortuus
1020 543 1153 579 utero
1179 530 1355 579 excidit
1377 534 1428 579 ¹⁷.

787 730 1142 780 DIES
1246 731 1363 778 XV.

487 880 554 926 A.
603 876 792 926 Nullibi
818 878 1036 925 circuitus
1056 875 1191 940 hujus
1214 877 1305 925 diei
1320 876 1499 940 proprii
1521 875 1716 938 Hippo·
1746 926 1749 929 ,

425 950 538 997 crati
578 963 932 997 memorantur:
984 950 1030 995 in
1076 948 1176 1012 ejus
1222 962 1382 996 tamen
1410 947 1603 1013 'judicia
1634 947 1719 994 ali-

425 1023 615 1087 quando
639 1022 815 1080 incidit,
858 1038 1006 1086 eaque
1030 1022 1309 1086 percensuit.

491 1169 548 1215 B.
579 1168 844 1232 Nuperiore
862 1184 966 1215 aevo
985 1165 1563 1230 exemplajudicationum
1579 1165 1718 1230 quin-

425 1251 486 1287 tae
509 1241 708 1290 decimae
731 1241 823 1290 diei
848 1241 971 1288 vidit
995 1241 1042 1287 in
1067 1239 1321 1304 Epidemia
1346 1239 1631 1302 Hungarica
1654 1241 1718 1286 A.

424 1315 667 1362 Loewius.
705 1316 880 1363 Febres
904 1315 1136 1379 liquidem
1162 1315 1404 1360 continuae
1421 1313 1551 1360 Anni
1576 1314 1719 1370 1688,

426 1390 628 1439 Decima
654 1390 839 1454 quinta,
882 1403 961 1436 aut
985 1389 1144 1436 Prima
1168 1401 1214 1434 et
1238 1388 1476 1450 Vigefima
1500 1387 1721 1452 frequen-

425 1463 541 1512 tiore
573 1463 756 1527 judicio
804 1463 1073 1512 desinebant
1093 1479 1104 1508 ε
1139 1460 1350 1508 {imiliter
1390 1461 1613 1524 malignae
1647 1461 1718 1509 fe-

425 1539 532 1586 bres
558 1538 686 1586 Anni
715 1552 859 1601 1707,
901 1534 1086 1600 copioso
1110 1535 1317 1597 *naribus
1364 1548 1581 1581 manante
1618 1535 1721 1582 san-

426 1613 585 1674 guine,
633 1611 820 1658 decima
849 1610 1014 1674 quinta
1055 1609 1129 1655 die
1165 1607 1404 1671 saepiflime
1433 1606 1719 1671 judicaban-

425 1699 517 1733 tur.
544 1685 681 1732 Vidit
698 1685 839 1732 etiam
859 1684 935 1731 Cl.
960 1683 1216 1730 Molineux
1231 1681 1531 1745 Epidemicas
1550 1682 1718 1739 febres,

426 1775 542 1822 quas
567 1757 801 1821 descripsit
820 1760 852 1813 ¹,
879 1755 1009 1803 Anni
1041 1756 1186 1817 1693,
1222 1754 1340 1818 saepe
1380 1755 1493 1802 stata
1518 1754 1720 1818 quinde-

425 1835 521 1881 cim
541 1833 722 1880 dierum
747 1830 940 1896 periodo
963 1829 1297 1878 circumscribi.
1371 1829 1718 1893 I-Iippocratica

425 1908 525 1956 haec
549 1908 669 1956 sunt.

496 2065 515 2095 1
529 2084 539 2095 .
577 2046 1026 2111 Hieronijudicatio
1043 2045 1100 2092 ad
1111 2044 1346 2092 decimam
1363 2044 1577 2108 quintam
1593 2043 1718 2091 diem

426 2122 546 2169 facta
570 2121 632 2167 est
646 2124 693 2167 ².-

496 2278 539 2309 2.
579 2262 1006 2325 Hermoptolemus
1030 2261 1134 2328 post
1171 2259 1402 2316 sudorem,
1447 2274 1493 2304 et
1522 2257 1614 2305 alvi
1640 2273 1719 2304 ex-

473 2478 507 2501 17
536 2474 655 2514 Conf.
674 2476 789 2526 AEgr.
810 2476 863 2515 iv,
892 2478 983 2515 Diei
1002 2476 1057 2515 ῙῙ.

473 2543 487 2561 ¹
516 2534 633 2573 Conf.
657 2537 708 2573 G.
730 2536 850 2573 Mart.
882 2545 937 2588 op.
952 2538 1013 2574 cit.

472 2598 490 2616 2
519 2595 631 2647 Epid.
653 2595 706 2633 ΙΙ.
721 2597 813 2646 [ι’ἑῖ.
834 2593 873 2631 ii.

1495 2653 1718 2702 cretiones

1895 2926 1926 3258 ῑύῖἵ““”ἤιὶξ<ῑῦ”ἰο;«,.ιᾶτιφζ
1912 2826 1926 2893 «ΓΑχ
1921 2751 1926 2771 Δ.

1891 3262 1923 3319 ’ᾗς-ι
