1932 3319
391 267 758 317 AEGROT.
827 266 943 313 ET
1014 267 1208 317 SAN.
1376 286 1464 336 153

180 403 345 450 diebus
395 401 674 449 exacerbari.
751 402 935 466 Qarta
981 398 1121 446 etiam
1183 400 1283 446 dies
1337 403 1466 465 quod

176 478 330 525 media
350 478 395 524 in
420 477 712 541 septennario
732 476 803 532 sit,
842 486 1086 538 propterea
1104 475 1334 521 morbosae
1352 492 1467 523 con--

174 551 412 606 verfionis,
452 568 560 615 quae
593 552 744 598 eidem
778 549 1067 612 septennario
1097 549 1344 612 competit,
1395 563 1466 595 tu-

175 625 343 673 tiffimo
367 628 644 690 plerumque
670 627 733 674 est
758 625 944 672 inditio.
994 625 1205 689 Septima
1223 641 1335 671 vero
1360 641 1469 673 cum

177 699 384 762 utrisque
429 701 671 747 Tertianae
713 713 758 746 et
797 693 1056 758 Quartanae'
1099 697 1298 761 periodis
1339 697 1467 756 facit,

176 789 377 836 eamque
403 776 467 821 ob
499 776 699 821 cauffam
733 776 871 821 nullis
904 791 996 820 non
1029 774 1074 819 in
1112 773 1291 820 morbis
1316 774 1470 821 obser-

172 845 379 892 vabilem
404 845 492 893 sese
516 849 712 910 praebet,
752 848 843 896 five
869 848 914 894 in
940 847 1146 912 paribus,
1184 847 1278 894 five
1302 847 1348 894 in
1378 847 1468 895 im-

172 919 365 981 paribus
391 920 615 970 crescant.

244 1081 318 1128 17.
334 1067 465 1130 Ergo
483 1069 575 1115 huc
595 1069 714 1116 redit
732 1083 898 1117 vexata
913 1070 1015 1116 satis
1028 1069 1184 1116 omnis
1202 1070 1259 1116 de
1275 1068 1467 1133 paribus

176 1153 223 1187 et
238 1140 495 1203 imparibus
511 1143 676 1196 diebus
686 1144 893 1208 quaestio,
912 1145 1040 1207 quod
1054 1161 1224 1207 nempe
1235 1144 1470 1192 continuae

174 1229 327 1262 acutae
352 1216 745 1275 febreS,tertianae
774 1221 936 1276 modo,
972 1221 1114 1266 modo
1148 1233 1193 1266 et
1228 1233 1470 1283 quartanae

176 1289 463 1342 incrementa
492 1294 738 1350 sumerent,
778 1310 1054 1356 earumque,
1082 1294 1187 1340 satis
1209 1295 1470 1340 constanter

174 1368 491 1425 progressione
524 1367 715 1421 servata,
745 1380 990 1413 acutorum
1016 1366 1291 1412 morborum
1316 1365 1469 1429 perio-

173 1441 258 1487 dos
291 1441 612 1495 absolverent3
645 1442 842 1486 omnino
868 1456 1070 1504 namque
1091 1441 1332 1488 Tertianae
1365 1455 1469 1489 tum

174 1529 221 1562 et
268 1519 539 1581 Qartanae‚
585 1516 794 1579 primarii
819 1516 1015 1578 quidem
1040 1528 1088 1562 et
1121 1516 1466 1573 ordinatissimi,

175 1589 302 1638 Vitae
349 1602 529 1644 motem,
599 1602 646 1635 et
700 1588 827 1652 quasi
862 1601 1143 1635 caeterorum
1193 1589 1470 1636 morborum

174 1654 408 1705 elementa
444 1657 720 1706 considerari
766 1672 1014 1715 merentur,
1063 1658 1119 1704 ad
1145 1675 1261 1721 quas
1287 1674 1469 1710 caeterae

176 1746 493 1796 quaecumque
539 1733 690 1780 febres
734 1731 780 1786 in
829 1749 989 1779 earum
1029 1733 1225 1785 decursu
1267 1733 1470 1787 referam.

183 1819 275 1854 tur.

252 1960 327 2007 18.
362 1958 641 2020 Cujusmpdi
690 1975 799 2006 cum
847 1956 998 2004 multa
1038 1959 1202 2019 passim
1249 1959 1468 2022 exempla

177 2032 416 2079 ostendere
453 2033 589 2080 facile
628 2035 698 2090 sit,
751 2035 924 2080 idoneo
956 2031 1059 2078 satis
1085 2046 1364 2094 argumento
1404 2033 1470 2079 est

180 2109 518 2170 Puerperarum
560 2107 722 2166 febris,
763 2123 869 2170 quae
910 2107 1060 2162 terti0,
1096 2120 1175 2152 aut
1199 2121 1366 2170 quarto
1406 2107 1467 2154 ab

180 2181 320 2228 enixo
345 2180 466 2228 foetu
492 2181 566 2227 die
591 2198 762 2243 magna
799 2195 924 2227 certe
964 2179 1221 2227 constantia
1253 2182 1466 2244 ingruere

180 2256 326 2302 solet:
356 2272 523 2319 nempe
549 2256 675 2319 quod
706 2256 818 2302 stata
855 2255 1072 2318 quaedam
1109 2268 1324 2301 motuum
1341 2254 1466 2302 Vitae

180 2332 396 2377 successio
422 2331 612 2387 constet,
655 2346 854 2394 quorum
889 2331 1067 2392 integra
1108 2330 1342 2393 periodus,
1374 2343 1466 2378 tres

181 2417 464 2466 quatuorve
484 2403 583 2453 dies
616 2404 891 2466 expostulet.
964 2405 1088 2450 Puto
1127 2421 1330 2485 namque
1354 2420 1466 2451 eum

181 2477 417 2524 difficilius
431 2473 660 2529 similium
682 2479 1104 2540 phaenomenorum
1131 2478 1356 2527 rationem
1380 2478 1466 2527 da-

182 2568 359 2607 turum,
401 2540 480 2615 05³1}
525 2553 852 2599 iztuonsiderata
890 2551 1131 2615 ejusmodi,
1171 2569 1315 2616 quam
1339 2551 1466 2598 Vitae

185 2627 556 2675 consentaneam?
580 2627 666 2672 eise
707 2626 944 2688 ponimus,
991 2625 1204 2672 vitalium
1246 2637 1466 2672 motuum

187 2702 475 2755 successione,
502 2700 631 2747 laffis
657 2700 939 2761 coffionem,
967 2699 1271 2764 genitamque
1296 2693 1467 2745 exinde

1350 2761 1467 2818 acri--
