1932 3319
404 293 949 348 AEGROT.ET
1010 291 1207 341 SAN.
1381 309 1443 352 41

155 418 259 466 die⁵
281 434 292 463 ε
330 418 415 466 hac
443 418 559 467 item
580 417 657 466 die
682 414 926 465 convulfio
950 411 1207 476 aliquando
1233 409 1455 458 morbum

153 491 306 539 solvit.

221 636 277 683 F.
314 638 534 685 Tertiam
548 637 675 685 diem
693 636 989 701 judiciorum
1004 634 1226 690 feracem,
1251 644 1299 680 et
1321 647 1456 678 max-

155 709 249 757 ime
274 711 322 758 in
347 712 526 760 morbis
551 712 891 760 observabilem
928 712 1048 758 dixit
1084 712 1163 758 Fr.
1191 707 1459 757 Hoffman-

158 802 246 833 nus
266 785 300 832 ⁶.
371 788 612 836 Tertianae
631 786 858 851 soporosce
890 787 1026 834 tertio
1066 798 1145 832 aut
1181 797 1348 848 quarto
1383 782 1461 829 die

155 862 379 909 mortales
427 875 749 911 memorantur
772 862 946 909 Tortio
972 874 1018 908 et
1032 860 1270 909 Werlofio
1288 881 1304 914 ;
1341 858 1460 905 item

157 949 204 982 et
217 939 280 984 A.
295 936 354 983 de
368 938 529 985 Haen.
555 938 761 984 Variolae
779 937 919 983 tertio
939 937 1223 1000 plerumque
1237 935 1314 981 die
1333 932 1462 997 apud

159 1011 513 1068 Groenlandos,
567 1012 776 1059 laethales
795 1015 830 1055 ⁷,
915 1017 1088 1059 Acurre
1126 1011 1288 1057 senum
1336 1008 1462 1072 peri-

156 1087 455 1146 pneumoniae
479 1085 721 1148 saepiffime
746 1099 852 1133 ante
880 1098 1097 1148 quartam
1119 1083 1427 1130 terminantur
1446 1098 1460 1127 z

157 1157 280 1223 saepe
306 1161 445 1207 tertio
470 1159 610 1207 febris
644 1160 880 1206 circuitu:
921 1160 1176 1223 aliquando
1212 1158 1355 1205 etiam
1392 1156 1463 1204 se-

161 1235 348 1282 cundo:
403 1234 664 1298 cujusmodi
685 1234 902 1296 exempla
926 1251 1019 1280 non
1044 1250 1147 1280 raro
1167 1233 1393 1294 vidimus,
1417 1245 1466 1281 et

162 1325 316 1373 nuper
338 1311 523 1358 Parifiis
548 1312 595 1357 in
619 1308 873 1356 ferrariensi
897 1308 998 1355 viro
1023 1308 1295 1355 Citharaedo
1311 1307 1345 1355 ⁸.

236 1474 280 1504 1.
317 1458 372 1504 In
392 1457 553 1505 Thaso
579 1446 748 1505 mulier
771 1458 954 1505 morosa
974 1457 1100 1503 circa
1118 1457 1306 1505 tertiam
1328 1456 1466 1505 diem

164 1531 508 1602 prodeuntibus
532 1532 770 1580 menfibus
794 1531 1012 1596 judicata
1037 1531 1101 1579 est
1117 1534 1152 1582 ⁹.

238 1698 286 1729 2.
322 1682 536 1731 Famulae
561 1683 835 1730 Onefidemi
857 1682 905 1729 in
928 1681 1127 1738 Lariffa,
1163 1681 1326 1738 debili,
1360 1683 1472 1731 dato

165 1756 423 1819 pharmaco
483 1756 700 1813 deorsum
763 1769 1015 1820 purgante,
1076 1772 1207 1804 mors
1271 1757 1474 1822 contigit

168 1831 308 1878 tertia
327 1830 404 1877 die
426 1833 477 1877 ¹⁰.

238 1985 286 2032 3.
324 1970 625 2019 Timocharis
672 1973 841 2036 hyeme
886 1970 1199 2028 destillatione
1239 1971 1471 2030 laborans,

172 2044 307 2093 tertia
330 2044 406 2092 die
432 2047 618 2095 sanatus
643 2048 706 2094 est
729 2051 780 2105 ¹3.

1129 2155 1169 2173 N·

226 2233 239 2254 ⁵
270 2229 358 2267 Lib.
381 2228 590 2280 1V.Ep2·d.

220 2285 240 2306 ⁶
267 2290 370 2327 Med.
391 2291 485 2327 Rat.
524 2288 606 2325 Vol.
628 2288 706 2332 ΙΙΙ.

223 2353 241 2376 7
271 2348 390 2385 Conf.
420 2348 722 2386 Zimmerm‘ann.
752 2350 900 2400 Op.cit.
929 2349 1043 2387 Alz‘m.
1066 2350 1176 2399 Caus.
1196 2349 1263 2386 El.
1296 2347 1487 2390 meJH.

224 2408 238 2430 8
268 2407 387 2445 Conf.
407 2422 507 2460 quae,
528 2407 701 2456 inferius,
717 2408 762 2446 de
783 2408 953 2447 tertianae
969 2408 1115 2461 periodi
1127 2410 1308 2461 potestate
1326 2409 1367 2448 in
1387 2425 1486 2451 mor-

172 2468 245 2521 bis,
279 2479 315 2504 et
337 2467 496 2506 sanitate
516 2468 700 2508 diximus.

181 2540 183 2543 ·
227 2535 246 2557 9
276 2530 388 2581 Epid.
410 2530 486 2567 III.
508 2532 600 2583 fid.
618 2530 672 2571 iii.
704 2531 896 2585 AEgmxi.

235 2592 268 2611 ¹⁰
296 2591 410 2641 Epid.
428 2590 482 2627 V.

234 2652 267 2706 ¹¹¹
296 2649 384 2688 Lib.
400 2652 462 2688 cit.

1181 2734 1231 2779 4.
1270 2718 1485 2788 Qidam
