1932 3319
373 245 740 297 AEGROT.
800 246 915 294 ET
977 227 1174 295 SAN2
1318 254 1406 314 ης

120 387 263 435 nimis
286 386 544 451 perspicue,
580 401 628 435 et
652 387 812 434 multis
836 386 990 435 verbis
1015 386 1052 433 is
1098 384 1302 450 scripsit,
1342 387 1410 433 id-

126 479 223 526 que
248 463 480 509 consulto:
521 464 695 526 scriplit
729 463 854 508 enim
880 476 933 508 ut
979 459 1140 508 artifex
1176 460 1235 506 ad
1269 461 1415 506 artifi-

119 551 231 582 cum
255 549 468 600 captum,
505 553 653 600 eaque
679 552 787 600 quae
812 535 1025 582 Medicis
1062 534 1168 581 satis
1209 534 1414 580 innotes-

118 617 222 648 cere
260 601 519 666 judicabat,
556 604 633 650 vel
674 604 840 650 leviter
881 602 1056 664 attigit,
1115 601 1190 647 vel
1225 601 1411 663 prorsus

116 675 339 732 ommifit,
388 676 582 732 veritus,
630 675 822 723 fortaffis
860 691 917 721 ne
965 690 1074 721 cum
1112 673 1306 736 plurimi
1356 672 1416 719 ab

117 745 216 808 ejus
258 750 488 796 librorum
529 751 728 797 lectione
773 762 963 813 repente
1008 748 1192 797 Medici
1234 749 1416 803 fierent,

116 823 210 869 Ars
234 822 386 869 omnis
411 823 456 869 in
483 834 615 869 tanto
637 822 944 870 Medicorum
962 838 1159 869 numero
1175 821 1415 869 deficeret.

118 895 184 942 Et
227 895 410 942 utinam
450 894 678 958 ejusmodi
717 895 850 944 Artis
896 895 1022 942 sacra
1058 896 1138 942 diu
1178 895 1280 958 post
1329 890 1418 942 eti-

119 984 197 1015 am
234 970 422 1017 Medici
464 969 830 1029 custodivissent,
889 986 1058 1034 neque,
1119 970 1248 1033 quod
1297 968 1413 1016 scri-

117 1045 252 1101 bunt,
280 1061 390 1108 erga
424 1044 693 1092 societatem
708 1045 900 1092 humani
931 1047 1111 1109 generis
1150 1047 1415 1095 inconsulto

115 1120 302 1167 studiosi
327 1137 490 1167 omnes
511 1137 535 1166 e
554 1121 699 1184 vulgo
725 1121 942 1168 homines
966 1122 1013 1167 in
1042 1122 1303 1170 Medicinae
1323 1124 1414 1170 stu-

117 1194 269 1250 dium,
323 1195 557 1258 evulgatis
602 1195 803 1242 totidem
845 1195 1164 1243 remediorum
1198 1196 1414 1245 formulis

118 1270 476 1332 cooptaviffent:
500 1270 889 1333 quandoquidem
904 1286 996 1317 non
1015 1272 1221 1318 remedia
1240 1272 1413 1328 sanant,

117 1344 193 1390 sed
218 1345 424 1408 apposita
447 1345 628 1391 scientis
653 1345 825 1391 medici
858 1345 1063 1401 confilia,
1102 1344 1328 1409 satiusque
1349 1348 1415 1394 est

118 1416 332 1464 homines
356 1416 510 1464 morbi
543 1416 714 1463 ferocia
748 1417 954 1474 interire,
1001 1435 1145 1481 quam
1184 1436 1311 1466 arma
1358 1420 1414 1467 iis

118 1493 167 1539 in
212 1493 472 1556 perniciem
492 1492 764 1539 ministrare.
821 1496 1069 1557 Qanturn
1101 1496 1292 1552 etenim,
1330 1496 1412 1560 qui

117 1567 181 1614 ita
196 1571 367 1616 Artem
383 1568 740 1631 evulgaverunt,
758 1569 935 1615 monita
950 1569 1169 1632 praeclare
1186 1569 1412 1633 adjunxe-

117 1640 227 1697 rint,
264 1641 345 1688 ista
385 1658 536 1704 neque
573 1642 720 1705 vulgo
762 1642 1005 1688 hominum
1041 1644 1281 1704 leguntur,
1330 1661 1414 1690 ne-

118 1730 210 1777 que
230 1713 423 1762 fortaffis
447 1715 588 1761 etiam
609 1719 622 1736 ¹
648 1715 1008 1777 intelliguntur3
1047 1715 1244 1779 satisque
1278 1717 1333 1764 iis
1349 1717 1414 1764 est

118 1790 170 1846 si,
219 1806 331 1836 cum
376 1791 721 1838 medicamenta
768 1790 1060 1853 arripuerint,
1098 1791 1257 1853 postea
1304 1808 1414 1840 cum

119 1864 317 1911 Bledico
344 1864 654 1911 insuaviffima
678 1864 949 1928 garrulitate
973 1864 1223 1927 disputent,
1261 1883 1409 1929 eoque

119 1938 379 1996 insalutato,
425 1941 502 1987 vel
529 1940 690 1987 saltem
711 1938 1006 1987 inobservato
1024 1975 1038 1995 ,
1064 1939 1342 1988 moriantur.

186 2088 234 2134 6.
273 2089 411 2135 Certe
436 2102 597 2135 contra
620 2089 1018 2152 circumscriptam
1043 2090 1161 2136 hanc
1204 2091 1405 2154 Hippo-

122 2163 261 2210 cratis
285 2163 546 2210 Medicinae
582 2180 795 2210 normam
837 2163 942 2209 satis
983 2164 1182 2221 obstant,
1231 2182 1336 2228 quae
1354 2168 1411 2213 de

117 2237 455 2300 aegrotantibus
480 2237 815 2283 medicamenti
840 2237 887 2282 vi
914 2236 1135 2284 confectis
1179 2238 1272 2301 ipse
1300 2239 1408 2285 scri-

123 2311 209 2368 bit,
247 2328 356 2358 cum
381 2312 487 2358 inde
514 2313 669 2358 triduo
689 2312 873 2375 p1ff11gati
898 2310 1111 2358 fuissent:
1151 2312 1409 2375 cujusmodi

122 2385 341 2448 exempla
381 2401 471 2430 non
512 2402 568 2431 ex
625 2402 719 2431 uno
768 2385 1101 2447 Epidemiwz'i
1095 2385 1227 2433 loco
1276 2386 1410 2450 supra

122 2459 482 2524 percensuimus.
524 2459 659 2506 Alibi
683 2460 825 2507 etiam
851 2460 1033 2506 nullum
1057 2462 1409 2509 medicamentis

271 2666 287 2707 Ξ
318 2665 381 2705 Oh
402 2665 551 2718 quoties
567 2666 769 2714 beafiffimi,
798 2666 865 2718 qui
885 2667 1026 2707 litteras
1047 2667 1236 2707 nesciunt!

1362 2744 1409 2774 ln
