1975 3343
427 268 451 344 [
492 270 559 323 xii
597 267 632 341 ]

429 416 679 472 reaffione
706 431 1107 489 contemperatae
1133 418 1352 471 afflones
1384 418 1743 480 omnes,·Mo-

371 496 382 508 ⁸
428 525 599 572 tuum,
629 510 816 581 quibus
845 510 970 562 Vita
1004 509 1220 574 constat,
1244 509 1612 563 conscientiam
1640 510 1743 560 fere

427 603 574 654 nobis
602 604 852 654 auferant.
930 602 1125 655 Similia
1152 603 1202 655 in
1245 604 1439 655 latente
1465 580 1744 673 corporum

428 698 677 768 gravitate
704 711 879 749 extant
907 718 917 750 :
962 717 1129 769 neque
1157 699 1311 752 etiam
1351 697 1598 758 eleftricae
1641 697 1746 748 vir-

427 791 574 851 tutis,
617 810 732 862 quae
752 791 853 841 late
880 791 931 841 in
951 791 1157 853 Natura
1183 789 1495 850 dominatur,
1540 791 1747 861 signum

429 884 618 936 alicubi
683 883 731 937 se
816 883 1004 954 prodit,
1083 881 1380 954 priusquam
1449 882 1751 934 inordinatae

425 977 666 1029 Ele&rici
701 976 876 1029 Fluidi
916 973 1313 1027 transmissiones
1354 975 1415 1026 ab
1450 993 1557 1027 uno
1585 973 1639 1025 in
1667 974 1745 1036 al-

428 1078 596 1117 terum
624 1067 750 1118 fiant
775 1085 978 1137 corpus.

494 1245 591 1296 IV.
629 1243 771 1312 Ergo
797 1222 915 1312 qua:
949 1245 1045 1291 sint
1071 1245 1124 1290 in
1152 1244 1356 1290 Morbis
1385 1243 1642 1292 Motuum
1669 1260 1750 1293 re·
1819 1240 1827 1244 ’

424 1331 748 1406 gularitates,
797 1349 914 1402 quae
956 1327 1230 1380 manifesta
1267 1348 1450 1380 eorum
1493 1337 1748 1400 tempora,
1794 1377 1796 1379 ,

423 1420 639 1494 periodi,
685 1432 736 1471 et
763 1418 1143 1471 commissiones
1169 1417 1346 1470 Primo
1367 1417 1529 1471 Libro
1551 1439 1747 1490 expen-

424 1513 614 1573 dimus,
652 1523 702 1562 et
730 1508 983 1582 quidquid
1011 1508 1354 1580 Hippocrates
1385 1508 1438 1559 in
1479 1508 1531 1559 id
1572 1506 1743 1578 ipsum

426 1601 708 1672 scripserat,
739 1600 788 1651 in
810 1600 948 1650 illius
977 1599 1143 1669 priore
1170 1613 1312 1669 parte
1354 1596 1750 1668 subjungimUS,

425 1709 473 1746 et
502 1695 551 1745 in
582 1691 764 1745 multis
794 1691 952 1742 etiam
981 1691 1329 1742 defendimus.

496 1872 565 1922 V.
604 1870 948 1938 Hippocrates
995 1866 1154 1928 enim,
1204 1867 1498 1917 multorum
1529 1866 1747 1937 judicio,

422 1962 508 2013 vix
553 1961 697 2032 gravi
737 1961 889 2029 culpa
926 1960 1110 2021 caruit,
1159 1960 1298 2030 quod
1325 1958 1511 2029 trinos,
1550 1959 1749 2029 quatri-

425 2071 537 2112 nos,
602 2065 652 2102 et
719 2049 952 2119 septenos
999 2051 1202 2102 dierum
1274 2049 1544 2111 circuitus,
1618 2068 1749 2101 vana

424 2158 762 2191 numerorum
792 2139 890 2190 fide
917 2140 1183 2210 deceptuS,
1213 2139 1266 2191 in
1293 2138 1488 2190 morbis
1515 2139 1746 2208 interpo-

426 2228 607 2279 suiffet.
704 2229 800 2278 Sed
852 2228 1222 2280 verifimillima
1273 2227 1328 2277 in
1380 2226 1744 2278 convertendis

425 2318 693 2369 nonnullis
722 2317 1108 2387 Hippocraticis
1147 2318 1273 2369 locis
1302 2313 1587 2384 castigatio,
1632 2315 1744 2367 cul-

425 2429 544 2481 pam
589 2409 737 2460 facile
783 2429 995 2461 omnem
1039 2410 1084 2462 ei
1127 2407 1325 2469 adimit,
1366 2425 1593 2478 eumque
1640 2427 1746 2459 non

424 2504 741 2572 Pythagora,
764 2502 845 2553 sed
867 2503 1071 2556 Natura
1090 2501 1329 2575 magistra
1352 2499 1609 2571 scripfiffe,
1627 2522 1742 2574 par·

424 2593 567 2645 tium.
585 2591 750 2644 studio
778 2592 926 2644 vacui
945 2594 1262 2664 judicamus
1465 2581 1470 2586 ⁵
1784 2599 1785 2603 ’

718 2775 754 2824 4
789 2811 791 2813 .
1491 2757 1587 2810 VI.
1627 2754 1747 2809 Post
