1932 3319
416 289 478 340 σε
646 277 769 337 DE
823 274 1464 340 v1T.1'³Eii'10D'.

411 407 491 456 die
512 407 665 456 morbi
692 424 717 454 a
735 407 829 455 bile
843 407 1045 471 judicati
1067 425 1079 455 :
1123 407 1272 470 febres
1297 408 1558 459 sudorificae
1577 414 1698 477 pau-

415 484 483 531 cis
516 500 638 531 nona
654 484 732 531 die
749 482 1049 530 desinebant:
1086 482 1330 531 Pleuritici
1350 481 1558 532 similiter
1584 480 1696 552 qui-

411 558 499 606 bus
527 558 572 605 in
595 558 746 606 morbi
787 556 1021 622 principio
1044 558 1190 605 variae
1213 555 1416 616 Dureto,
1450 560 1699 622 purulentae

410 633 592 690 Foefio,
625 633 724 681 sunt
749 633 1063 697 expuitiones,
1099 633 1131 680 si
1156 632 1342 681 tertiam
1371 645 1452 680 aut
1482 634 1700 697 quintam
1754 623 1761 628 ⁶

408 708 534 756 diem
568 708 839 772 effugerint,
882 724 1044 756 eorum
1082 707 1325 773 plerosque
1366 708 1578 772 Septima
1618 721 1701 758 aut

408 784 553 832 Nona
572 783 620 831 in
636 783 1014 848 suppurationem
1035 784 1242 832 incidere
1261 785 1583 849 Hippocrates
1597 801 1700 833 me-

408 859 611 907 moravit
630 858 677 906 in
697 858 867 907 Coacis
893 864 926 908 ¹.
1671 876 1698 911 ὁ

472 1007 531 1052 B.
568 1004 729 1068 Hujus
753 1006 844 1054 diei
868 1005 1041 1070 pariter
1078 1017 1217 1069 atque
1241 1003 1506 1053 undecimae
1518 1004 1699 1070 judicia

407 1091 597 1142 propter
634 1078 823 1136 tristem,
861 1096 1005 1143 quam
1029 1079 1146 1142 saepe
1180 1078 1399 1136 afferunt,
1423 1081 1698 1143 phaenome-

408 1169 575 1200 norum
613 1152 890 1215 syndromen
915 1155 973 1200 ab
1020 1153 1120 1200 aliis
1162 1154 1327 1200 diebus
1370 1166 1585 1202 accurate
1608 1153 1700 1201 dis-³

408 1228 545 1276 tinxit
571 1230 698 1277 Frid.
733 1228 1074 1277 Hoffmannus.
1093 1220 1104 1229 ⁹
1145 1229 1362 1292 Apparet
1397 1240 1617 1276 caetcrum
1643 1245 1700 1276 ex

408 1303 765 1366 Epidemiarum
801 1303 1015 1359 historiis,
1057 1318 1161 1348 eam
1182 1303 1463 1368 plerumque
1487 1303 1697 1368 septimae

408 1376 501 1424 diei
517 1377 844 1442 supplemento
861 1379 965 1434 effe,
986 1376 1266 1440 morbosque
1285 1378 1366 1441 qui
1385 1379 1700 1426 exConstitu-

408 1451 549 1499 tionis
578 1453 839 1500 charactere
875 1452 1071 1516 proprio
1107 1450 1302 1513 septima
1341 1449 1459 1515 saepe
1496 1452 1702 1501 definere

410 1523 571 1583 solent,
611 1527 644 1573 si
667 1544 772 1574 earn
805 1526 977 1589 absque
992 1525 1172 1590 judicio
1204 1525 1408 1589 exigant,
1450 1540 1571 1572 nona
1593 1527 1701 1589 ple-

408 1615 611 1663 rumque
642 1600 845 1664 judicari
882 1600 976 1648 die.
1061 1601 1179 1647 Huc
1220 1599 1421 1663 pertinet
1456 1600 1699 1663 prodigio-

408 1674 478 1719 sus
505 1673 583 1719 ille
609 1674 793 1720 crifium
819 1689 1054 1730 numerus,
1090 1690 1205 1737 quas
1230 1689 1390 1720 omnes
1410 1673 1563 1720 aestate
1588 1690 1696 1730 una,

413 1748 643 1794 absolutas
680 1749 872 1812 septima
907 1762 985 1794 aut
1017 1764 1137 1795 nona
1176 1749 1252 1795 die
1285 1749 1494 1795 Galenus
1519 1748 1640 1795 vidit
1653 1751 1690 1796 ⁸.

409 1821 632 1868 Similiter
656 1823 702 1869 in
727 1823 1010 1886 Epidemica
1051 1822 1180 1869 febre
1197 1822 1326 1870 Anni
1361 1821 1505 1877 1626,
1543 1823 1696 1870 Galli-

409 1912 515 1942 cam
542 1898 833 1959 provinciam
851 1898 1187 1960 depopulante,
1223 1897 1484 1960 Septimam
1505 1910 1586 1945 aut
1608 1897 1693 1946 sal-

409 1992 505 2024 tem
530 1981 722 2027 Nonam
767 1980 1015 2027 universim
1056 1979 1366 2026 decretoriam
1390 1981 1509 2028 vidit
1532 1978 1696 2028 Borela·

410 2053 480 2098 lus
499 2061 533 2097 ³.
631 2052 880 2101 Fluentem
929 2055 1114 2102 naribus
1158 2053 1431 2116 sanguinem
1474 2056 1560 2102 hac
1618 2053 1696 2100 die
1770 2076 1773 2081 ¹

411 2141 519 2172 curn
576 2142 809 2189 aegrorum
865 2127 1099 2175 levamine
1152 2129 1392 2176 adnotavit
1437 2132 1500 2178 A.
1548 2131 1696 2176 Loew

412 2198 457 2244 in
480 2201 646 2246 morbo
671 2202 951 2264 Epidemico
972 2203 1100 2250 Anni
1128 2218 1249 2266 1707
1275 2220 1286 2250 :
1314 2204 1490 2267 septem
1515 2204 1601 2250 hac
1620 2203 1696 2251 die

413 2273 542 2320 crises
568 2292 623 2321 ex
647 2276 832 2323 Foresto
865 2276 1125 2339 descriptae,
1165 2278 1373 2341 quinque
1401 2277 1538 2340 aegris
1562 2293 1695 2341 pere-

416 2346 619 2394 untibus.
671 2350 1012 2414 Hippocratica
1035 2352 1249 2415 exempla
1288 2353 1386 2400 haec
1410 2352 1528 2400 sunt.

453 2519 465 2537 ¹
495 2516 554 2552 Dc
573 2518 728 2554 Plcurit.
749 2529 780 2554 et
802 2521 1025 2572 Pcripncum.

455 2583 470 2600 z
498 2577 557 2612 De
574 2577 682 2613 Dz'cb.
702 2578 846 2615 Decret.
866 2581 953 2617 Lib.
972 2581 1026 2619 II.
1046 2590 1123 2632 cap.
1139 2579 1207 2618 vii.

456 2638 470 2660 ³
498 2635 596 2684 Hst.
617 2638 714 2675 Cent.
738 2651 775 2687 4.
802 2639 885 2690 Obsl
908 2654 968 2690 42.

1366 2755 1370 2762 ¹
1393 2715 1435 2745 1.
1471 2697 1695 2751 Moschus
