1932 3319
452 266 546 310 140
692 249 807 300 DE
864 249 1500 301 VIT.PERIOD.

443 401 548 432 rum
583 383 902 432 conversiones
938 383 1189 433 eveniunt:
1233 401 1376 448 quare
1416 401 1473 432 ex
1508 385 1732 451 ejusmodi

443 460 726 524 apparentiis
761 459 896 506 facile
917 458 1171 522 aliquando
1212 460 1404 506 subduci
1442 460 1639 520 dierum,
1687 475 1735 509 et

441 537 745 600 periodorum
784 535 903 582 ratio
945 528 1135 598 poterit.
1207 534 1383 583 Rursus
1415 536 1554 584 etiam
1589 538 1731 602 respi-

441 611 660 659 ciendum
685 611 747 659 est
774 611 990 667 Medico,
1028 627 1083 657 an
1127 610 1375 657 confestim
1401 611 1594 659 morbus
1620 629 1733 659 con-

439 684 620 731 sistendi
643 685 859 748 vigorem
883 684 1067 740 habeat,
1094 685 1222 747 quod
1244 700 1300 731 ex
1319 682 1416 746 ejus
1442 683 1732 732 incremento

441 758 740 806 manifestum
777 761 890 812 fiet3
947 758 1173 822 itemque,
1235 774 1349 804 num
1391 758 1617 805 maturius
1658 771 1738 806 aut

440 834 615 882 diutius
635 836 910 881 acceffiones
935 833 1171 895 ingruant,
1217 846 1264 879 et
1287 848 1394 896 quae
1421 832 1623 879 maxime
1655 849 1733 879 ea-
1791 843 1798 847 ”

445 923 551 953 rum
592 908 934 952 commistiones
976 906 1204 960 interfint3
1252 904 1382 967 quod
1409 906 1752 969 Hippocrates

444 979 490 1025 in
516 977 809 1043 Epidemicis
833 976 1028 1024 dixerat.

512 1149 560 1196 7.
599 1134 825 1181 Similiter
867 1133 915 1181 in
949 1132 1222 1196 contagioso
1268 1131 1452 1188 morbo,
1506 1131 1563 1177 ab
1606 1129 1740 1178 insito

445 1208 669 1270 contagio
694 1208 812 1271 saepe
840 1207 1111 1255 ducendum
1137 1206 1289 1253 morbi
1314 1204 1614 1270 principium,
1655 1204 1739 1260 sae-

443 1299 506 1345 pe
530 1282 671 1329 etiam
697 1298 791 1328 non
815 1301 825 1330 ε
875 1298 1024 1347 neque
1049 1281 1173 1328 enim
1196 1294 1298 1328 tuto
1320 1279 1497 1346 aliquid
1517 1277 1742 1325 determi-

445 1357 541 1405 nari
584 1357 735 1422 potest
780 1358 828 1404 in
884 1357 1065 1404 summa
1119 1356 1448 1418 contagiorum
1497 1346 1762 1413 varietates

446 1445 593 1493 quam
632 1429 835 1493 contagii
874 1444 1050 1486 natura,
1087 1427 1358 1492 aegrotantis
1396 1440 1744 1491 temperamen-

444 1514 567 1559 tum,
610 1502 720 1548 anni
744 1514 950 1565 tempus,
990 1516 1036 1549 et
1074 1501 1188 1548 aeris
1236 1498 1498 1547 constitutio
1539 1497 1744 1545 incredi-

446 1575 593 1623 bilem
617 1575 710 1622 fere
736 1575 1053 1622 constituunt:
1094 1573 1334 1637 saepiffime
1358 1585 1534 1627 tamen,
1562 1569 1741 1634 suscep-

443 1654 521 1689 tus
546 1641 765 1705 contagio
791 1643 998 1698 morbus,
1043 1641 1225 1688 criticos
1262 1640 1485 1686 circuitus
1529 1637 1744 1700 proxime

446 1715 667 1779 sequitur,
712 1715 758 1760 in
778 1730 1038 1777 eorumque
1064 1713 1315 1759 terminum
1339 1726 1417 1758 aut
1443 1711 1630 1758 initium
1656 1710 1743 1771 adj!

445 1804 630 1856 aequate
654 1790 810 1838 cadit:
848 1791 977 1855 quod
1003 1790 1114 1837 alibi
1139 1789 1390 1836 dicendum
1415 1804 1439 1833 a
1466 1785 1600 1834 nobis
1626 1785 1704 1834 est.
1748 1779 1755 1781 ”

516 1950 560 1994 8.
598 1948 939 2011 Puerperarum
961 1962 1076 1993 vero
1101 1946 1292 1992 morbos
1318 1944 1445 2008 quod
1462 1942 1645 1997 attinet,
1671 1941 1744 2002 di-

447 2018 649 2082 ligenter
690 2021 952 2067 curandum
992 2019 1070 2075 est,
1115 2018 1145 2064 [i
1185 2017 1382 2082 quidem
1419 2029 1577 2079 partus
1609 2013 1748 2078 juxta,

449 2093 684 2140 Naturam
727 2094 944 2140 inciderit
983 2093 1058 2139 vel
1096 2108 1204 2138 non.
1276 2091 1401 2137 Cum
1435 2089 1560 2147 enim
1587 2101 1746 2152 partus

451 2166 635 2229 proprie
654 2166 699 2212 in
724 2166 766 2212 se
793 2166 889 2229 ipso
916 2165 1037 2212 crisis
1062 2165 1130 2221 fit,
1168 2180 1225 2210 ex
1266 2180 1361 2227 qua
1399 2179 1571 2209 novem
1609 2178 1744 2211 men*

451 2239 567 2285 sium
594 2240 776 2287 labores
802 2256 858 2286 ex
884 2239 1067 2302 integro
1094 2238 1340 2293 finiuntur,
1388 2237 1428 2283 ei
1466 2237 1744 2300 neutiquam

450 2311 775 2376 subsequentes
801 2313 987 2359 morbos
1012 2310 1265 2358 admiscere
1298 2310 1497 2373 praestat,
1539 2309 1570 2358 sl
1595 2325 1744 2373 quan-

454 2385 517 2431 do
542 2388 698 2434 omnia
738 2388 784 2434 in
826 2402 958 2450 partu
988 2388 1127 2451 juxta
1158 2387 1391 2433 Naturam
1412 2384 1742 2448 processerunt‚

452 2459 791 2507 Verumtamen
818 2461 1073 2508 meminisse
1110 2471 1296 2522 oportet
1336 2473 1468 2506 utero
1505 2469 1743 2519 gerentem
1802 2487 1807 2501 ι

455 2532 699 2578 mulierem
745 2551 921 2581 novum
965 2534 1108 2599 quasi,
1146 2546 1192 2579 et
1237 2546 1403 2596 praeter
1441 2528 1746 2577 consuetudi-

457 2620 580 2658 nem,
639 2604 748 2650 vitae
773 2622 919 2666 genus
963 2608 1162 2668 degere3
1212 2620 1370 2667 quare,
1420 2618 1528 2649 cum
1574 2599 1745 2659 foetum

456 2675 588 2722 enixa
632 2675 712 2730 est,
779 2678 823 2723 in
870 2678 1170 2741 primumque
1220 2675 1380 2722 sensim
1425 2672 1590 2721 recidit
1633 2670 1747 2718 vitae

1513 2758 1742 2804 tenorem,
