1932 3319
455 276 546 333 146
681 269 797 323 DE
865 269 1050 320 v1T.
1120 240 1516 321 PERIon.

454 407 502 454 in
529 401 690 471 vigore
723 407 827 461 effe,
853 421 1026 470 perque
1053 404 1167 451 illud
1194 405 1398 452 maxime
1421 418 1605 469 tempus
1622 419 1739 453 con-

450 483 573 529 verti
593 483 726 529 dixit.
771 484 975 544 Oportet
1001 493 1158 526 autem
1179 480 1363 536 intueri,
1396 496 1490 543 qua
1508 480 1742 527 celeritate

448 556 576 605 dicta
600 558 873 604 morborum
899 570 1114 619 tempora
1139 567 1446 601 moveantur:
1483 554 1577 601 cito
1615 554 1742 601 enim

454 628 683 678 crescente
717 630 904 686 morbo,
931 628 1024 675 cito
1050 628 1218 691 pariter
1239 629 1295 674 ad
1323 643 1488 674 acmen
1515 618 1763 689 perveni&

455 717 501 752 et
524 702 754 750 consimili
781 702 1015 750 celeritate
1042 701 1088 748 in
1114 701 1428 749 remiffionem
1453 699 1676 748 declinat.

521 863 571 905 4.
591 846 774 893 Omnes
789 841 1017 906 fiquidem
1033 842 1310 890 morborum
1327 840 1507 905 periodi
1522 839 1751 887 unointer

455 919 500 966 se
527 918 744 966 consensu
768 916 1010 971 incedunt,
1031 920 1299 979 pariterque
1318 915 1360 960 se
1386 916 1562 961 habent
1581 930 1634 961 ac
1655 930 1759 963 επα-

456 1003 565 1038 terae
590 991 636 1037 in
662 987 837 1035 morbis
869 1000 916 1034 et
946 987 1138 1035 sanitate
1171 987 1456 1034 circuituum
1489 986 1749 1035 converfio-

456 1079 556 1120 nes,
602 1062 660 1109 de
700 1060 874 1124 quibus
909 1073 1016 1107 ante
1057 1074 1104 1107 et
1141 1060 1241 1124 post
1278 1060 1521 1108 dicemus:
1581 1076 1752 1124 nempe

455 1135 585 1200 quod
612 1134 657 1181 in
678 1133 944 1180 valetudine
970 1133 1141 1197 pariter
1167 1147 1309 1197 atque
1341 1133 1388 1180 in
1413 1133 1749 1191 invaletudine,
1819 1126 1822 1129 ’

457 1212 617 1258 omnia
641 1225 699 1256 ex
723 1208 994 1255 earumdem
1019 1206 1192 1254 virium
1226 1207 1407 1256 summa
1439 1208 1652 1256 similiter
1669 1207 1754 1255 ab-

457 1284 719 1338 solvuntur,
748 1297 1003 1346 earumque
1028 1281 1146 1328 actio
1165 1297 1259 1328 non
1283 1280 1535 1328 intermissa
1567 1279 1752 1344 uspiam

458 1351 797 1408 uniformitate,
858 1351 1112 1399 accelerata
1171 1352 1335 1409 modo,
1400 1352 1476 1399 seu
1524 1349 1759 1399 contrario

459 1428 604 1475 modo
645 1426 890 1482 retardata,
936 1425 1125 1489 paribus
1172 1425 1433 1472 constanter
1458 1424 1754 1490 temporibus

459 1502 631 1567 pergit.

533 1663 580 1713 5.
618 1649 792 1710 Neque
816 1645 991 1694 diversa
1014 1644 1132 1702 sunt,
1176 1661 1284 1709 quae
1321 1643 1526 1709 singulos
1551 1647 1755 1709 paroxis-
1808 1697 1809 1700 ,

463 1740 652 1773 morum
692 1721 912 1768 circuitus
954 1720 1220 1783 respiciunt,
1263 1720 1345 1767 nisi
1369 1722 1498 1784 quod
1534 1725 1755 1770 accessio-

466 1813 581 1848 num
607 1807 850 1843 momenta
868 1793 1145 1841 sensibiliora
1169 1794 1270 1850 sint,
1310 1795 1454 1841 auctis
1478 1808 1708 1858 perpetuo
1731 1813 1759 1844 a.

463 1871 620 1935 primo
656 1868 921 1916 accessionis
964 1867 1153 1924 insultu,
1187 1868 1326 1915 febris
1352 1868 1758 1932 symptomatibus.

466 1945 565 1994 Illis
590 1943 818 2008 siquidem
850 1941 1061 1988 similiter
1086 1942 1416 1988 interdistincta
1441 1954 1655 2006 tempora
1672 1945 1761 1993 tria

467 2030 762 2082 competunt,
799 2031 904 2079 quae
927 2015 1287 2077 exhorrescenfiae,
1312 2014 1586 2072 ebullitionis,
1612 2029 1660 2064 et
1681 2017 1758 2065 de-

450 2093 742 2155 spumationis
767 2087 955 2153 propria
990 2087 1196 2151 quadam
1230 2087 1540 2150 appellatione
1582 2088 1758 2152 Sydhe·

470 2164 651 2212 namius
692 2162 1031 2216 nominaverat,
1056 2159 1182 2206 felici
1221 2172 1345 2206 certe
1379 2161 1631 2218 vocabulo,
1681 2159 1760 2209 sed

473 2237 817 2286 neotericorum
856 2234 1043 2297 ingenio
1079 2233 1161 2280 vix
1193 2234 1570 2281 accommodato.
1642 2235 1759 2282 Per·

474 2314 616 2360 stante
641 2312 784 2375 igitur
806 2309 1145 2371 exhorrescenliae
1176 2307 1417 2354 intervallo
1448 2308 1759 2371 incomposita

475 2385 693 2432 vasorum
719 2383 934 2430 omnium
965 2381 1084 2428 actio
1108 2380 1415 2444 subsequitur,
1442 2396 1661 2429 manente
1685 2395 1755 2428 ta-

475 2476 585 2506 men
606 2460 651 2506 in
671 2459 774 2521 ip'lis
792 2457 920 2504 insita
939 2456 1145 2520 quadam
1164 2456 1210 2502 in
1226 2455 1463 2503 consuetos
1483 2469 1636 2504 motus
1656 2468 1757 2504 ten·

477 2533 650 2587 dentia,
676 2548 819 2594 quam
849 2530 1033 2594 proprie
1053 2528 1376 2576 medicatrices
1397 2530 1593 2577 Naturae
1615 2529 1754 2588 vires,

478 2607 669 2653 vitalem
684 2605 914 2660 inertiam,
936 2605 1259 2667 repraesentare
1282 2619 1426 2666 pono.
1459 2605 1657 2651 Novum
1673 2619 1757 2650 ve-

480 2700 532 2732 10
550 2681 669 2730 illud
689 2678 876 2727 aetionis
895 2679 1336 2743 Principium‚uncle
1351 2694 1493 2727 omne
1511 2677 1755 2743 perexhor-

582 2773 597 2803 ι
1591 2754 1750 2814 rescen-
