1932 3319
404 272 499 307 120
658 258 776 310 DE
843 261 1028 308 VIT.
1099 259 1486 309 PERIOD.

399 406 494 451 tur,
530 408 727 456 eamque
771 393 815 438 in
859 393 1153 440 Medicinam
1201 394 1416 441 invexiffe
1462 393 1682 450 feruntur,

398 466 642 529 egregium
667 465 1009 513 Medicamenti
1034 483 1182 530 genus
1223 483 1327 513 eam
1351 468 1439 513 effe
1470 466 1683 531 judican-

396 553 498 589 tes:
528 556 605 586 eos
649 555 849 602 namque
888 540 946 586 de
990 541 1182 587 Medica
1224 542 1342 588 Arte
1383 557 1475 587 non
1503 553 1685 587 tantum

395 613 709 677 philosophari
752 614 1050 671 consuevisse,
1093 616 1168 663 sed
1205 615 1538 678 aegrotantibus
1561 632 1684 678 quo-

394 703 487 750 que
510 703 651 751 opem
675 687 845 747 tulisse,
868 706 923 735 ex
943 688 1203 752 Porphyrio
1226 688 1448 735 discimus
1468 710 1481 741 ;
1511 686 1683 750 quibus

396 760 467 807 nil·
510 760 656 808 simile
698 761 943 825 quidpiam
970 763 1289 825 Hippocrates
1313 761 1450 819 dixit,
1489 757 1684 812 nullibi-

394 849 489 896 que
515 849 677 900 eorum
702 831 747 878 in
773 835 1012 884 harmonia
1037 837 1273 883 delectum
1297 836 1475 893 secutus
1500 833 1581 881 est.

429 941 484 959 Χ

456 975 571 1022 XV.
611 977 768 1025 Restat
791 974 1021 1036 postremo
1046 975 1155 1021 loco
1181 974 1492 1037 Hippocratis
1523 973 1680 1029 moni-7

393 1057 518 1104 tum,
558 1064 656 1110 quo
683 1048 957 1099 Theffalum
984 1047 1077 1094 Fil.
1106 1047 1164 1094 ad
1202 1063 1503 1094 numerorum
1537 1047 1682 1099 scien·

393 1117 506 1164 tiam
533 1121 617 1167 fibi
642 1121 1010 1185 comparandam
1035 1120 1240 1183 impulit,
1276 1120 1403 1183 quod
1430 1119 1684 1182 illiusmodi⁴

389 1190 554 1249 studia,
581 1210 675 1241 non
701 1194 890 1258 plurimi
914 1194 1158 1249 dumtaxat
1183 1192 1371 1239 honoris
1396 1192 1504 1240 loco
1526 1192 1572 1239 in
1596 1193 1680 1249 de÷

390 1267 546 1326 genda
564 1269 660 1315 vita
679 1270 719 1315 ei
738 1268 894 1318 futura
911 1269 1067 1324 essent,
1087 1284 1251 1319 verum
1268 1266 1681 1316 addiscendaeMe-

390 1339 561 1387 dicinae
600 1343 860 1405 plurimum
903 1359 1094 1406 quoque
1143 1341 1403 1389 conferrent
1424 1361 1434 1393 ε
1481 1343 1683 1413 dignum

391 1428 517 1461 certe
538 1417 850 1480 Pythagoraeo
876 1418 1065 1464 homine
1090 1415 1389 1478 tyrocinium.
1461 1421 1531 1464 At
1552 1434 1681 1476 vero,

389 1503 498 1549 quae
523 1504 580 1534 ex
606 1489 915 1553 Hippocratis
941 1487 1145 1551 epistolis
1167 1486 1571 1545 circumferuntur,
1590 1485 1681 1543 du*-¹

390 1561 481 1607 biae
507 1562 622 1609 adeo
645 1563 747 1611 sunt
771 1563 897 1618 fidei,
918 1576 971 1608 ut
991 1578 1142 1625 neque
1169 1562 1226 1608 ab
1247 1561 1303 1609 iis
1342 1564 1505 1620 multa,
1533 1580 1680 1628 eaque
1718 1613 1721 1617 ,

388 1633 528 1680 etiam
556 1638 733 1683 nonnisi
758 1636 1125 1700 prudentiffime,
1152 1636 1413 1700 usurpanda
1438 1638 1537 1684 sint.
1586 1640 1679 1687 Eas

388 1706 583 1769 quidem
637 1711 775 1756 Max.
819 1710 1001 1765 Tirius„
1051 1710 1189 1757 Philo
1235 1710 1449 1775 Judaeus,
1493 1712 1677 1769 Suidas,

389 1781 620 1838 Stobaeus,
676 1796 722 1830 et
758 1784 1001 1846 nuperiore
1035 1799 1156 1839 aevo,
1213 1783 1447 1843 Prideaux
1473 1793 1516 1835 23,
1555 1799 1677 1834 tam-

386 1867 532 1914 quam
574 1870 630 1900 ex
671 1855 970 1918 Hippocrate
1011 1854 1238 1918 profectas
1277 1856 1676 1907 nominaverunt:

356 1983 361 1986 θ
385 1939 550 1972 omnes
576 1939 751 1986 tamen,
779 1942 1013 1992 quotquot
1037 1929 1117 1976 sub
1145 1929 1455 1992 Hippocratis
1489 1933 1678 1980 nomine

386 1998 609 2058 prostant,
660 2000 788 2048 illius
829 2003 933 2058 effe,
971 2002 1208 2066 perspecta
1258 2004 1361 2050 satis
1409 2004 1455 2049 in
1499 2006 1678 2054 caeteris

387 2071 453 2116 D.
483 2072 612 2119 Senis
638 2073 786 2130 libris,
826 2075 1075 2121 auctoritas
1099 2088 1243 2122 vetat.
1315 2077 1428 2123 Non
1453 2077 1532 2123 ille
1552 2093 1677 2127 certe

385 2141 430 2189 se
463 2161 572 2192 cum
598 2145 836 2195 insomniis
864 2147 1128 2210 jocantem,
1174 2163 1253 2196 aut
1289 2150 1593 2209 intensionem
1629 2166 1677 2200 et

384 2219 695 2268 remissionem
733 2223 889 2271 morbi
933 2239 990 2269 ex
1030 2239 1333 2272 numerorum
1375 2228 1676 2276 concursione

386 2306 660 2352 arguentem
677 2296 719 2342 se
738 2296 849 2353 aiibi
868 2298 1048 2359 praebet
1066 2314 1294 2361 umquam
1312 2322 1324 2353 3
1354 2316 1438 2346 nec
1459 2303 1675 2350 Deorum

386 2366 563 2412 monita
589 2383 633 2413 et
654 2370 926 2426 testimonia,
948 2388 1054 2434 quae
1072 2366 1226 2419 solitus
1245 2374 1460 2437 usurpare
1481 2377 1528 2422 in
1546 2393 1673 2424 mor-

387 2439 552 2486 borum
580 2443 894 2490 curationibus
923 2447 1129 2493 Galenus
1153 2461 1267 2504 erat,
1305 2450 1340 2495 is
1367 2450 1546 2497 ludicra
1571 2452 1671 2498 dic-

387 2511 512 2558 tione
538 2514 905 2564 contaminavit:
941 2519 1070 2566 Deos
1113 2520 1238 2566 enim
1275 2537 1537 2582 veneratus,
1577 2509 1672 2584 non*⁴

478 2706 515 2759 ΖΞ
543 2702 658 2767 (fons.
678 2704 758 2755 ejus
784 2708 871 2747 Lib.
890 2711 929 2764 αξ·
949 2713 1102 2766 Cqmzcau
1119 2714 1240 2753 Sacrae
1266 2726 1299 2767 eſs
1315 2714 1452 2767 Propls.
1472 2714 1570 2763 Hgst

1452 2770 1669 2844 simulata

1910 3175 1932 3319 “mma-‘vn-
1928 3167 1932 3170 ,
1928 3155 1932 3161 .
1924 3104 1932 3151 *en-,-
