1932 3319
419 268 487 326 64
650 264 768 314 DE
823 264 1008 316 vlT.
1066 264 1455 314 PERIOD.

490 399 568 435 10.
609 383 868 433 Pherecida
892 383 980 431 hac
1004 383 1080 431 die
1105 394 1317 430 mortuus
1342 394 1563 447 apparet:
1600 381 1709 430 huic

419 459 571 509 lateris
589 460 754 510 dolore
778 469 995 520 correpto
1019 472 1141 504 nona
1156 455 1232 502 die
1251 454 1389 503 sudor
1411 471 1549 505 mane
1566 457 1711 505 obor-

419 545 494 581 tus
519 533 794 600 in'pectore,
814 530 873 578 ad
895 541 1096 578 mortem
1115 529 1260 592 usque
1283 528 1603 593 perseverabat
1623 568 1634 578 .
1661 567 1672 578 .
1699 565 1711 579 .

421 607 604 657 Ostava
629 608 706 656 die
727 603 879 656 veluti
919 602 1129 653 culicum
1153 601 1331 653 morsus
1356 603 1403 653 in
1429 618 1485 650 eo
1509 619 1710 668 apparu-
1756 630 1762 634 -

421 698 549 734 erant
574 695 633 734 ³3.

782 855 830 909 D
905 856 927 910 1
999 859 1042 908 E
1112 857 1142 906 S
1279 860 1346 906 X.

489 1001 555 1049 A.
593 1003 773 1064 Qarta
809 1015 867 1046 ex
903 997 1111 1063 periodis
1143 997 1411 1046 decretoriis
1448 995 1656 1061 paribus.-

489 1135 545 1187 B.
585 1138 829 1188 Parotides
863 1155 986 1187 nona
1010 1150 1088 1184 aot
1121 1136 1306 1184 decima
1330 1137 1406 1185 die
1427 1137 1715 1201 prodeuntes

424 1213 473 1260 in
490 1211 744 1276 Epidemia
763 1209 1096 1275 Monspelienfi
1118 1209 1239 1257 vidit
1260 1210 1477 1259 Riverius
1509 1216 1540 1260 ⁸.
1594 1210 1718 1276 Qi-

424 1288 513 1334 bus
539 1302 689 1349 neque
722 1285 941 1333 delirium
974 1301 1126 1349 neque
1150 1286 1369 1349 graviora
1408 1286 1719 1351 symptomata

401 1356 710 1426 'procedente
732 1361 901 1406 morbo
925 1359 1266 1407 insurrexerant
1291 1360 1339 1409 in
1363 1376 1618 1425 purpurata
1647 1359 1717 1408 fe⁴

425 1436 509 1482 bre
551 1433 682 1482 Anni
716 1449 839 1495 1729
889 1432 1128 1489 Uthreffi,
1165 1432 1196 1480 ii
1233 1433 1418 1480 decima
1459 1435 1534 1482 die
1576 1435 1719 1483 sanati

398 1500 581 1556 ’suntfi
652 1507 708 1554 In
748 1505 874 1553 febre
922 1506 1373 1569 Edimburgenfium
1412 1508 1540 1554 Anni
1571 1523 1717 1571 1731,

423 1597 629 1647 quorum
652 1582 857 1627 morbus
888 1580 1104 1643 perversa
1151 1580 1384 1628 methodo
1416 1583 1716 1641 traetabatur,

428 1657 457 1704 ii
483 1657 759 1720 plerumque
783 1655 967 1701 decima
1008 1668 1087 1700 aut
1127 1655 1407 1702 duodecima
1445 1657 1520 1704 die
1545 1658 1718 1705 morie-

428 1732 596 1779 bantur
621 1737 657 1778 3.
751 1731 862 1777 Hac
904 1730 981 1776 die
1020 1730 1302 1794 plerumque
1340 1730 1561 1779 infantilis
1602 1747 1717 1778 con-

425 1806 592 1861 vulfio,
642 1803 771 1867 cujus
818 1804 950 1867 supra
989 1804 1310 1861 meminimus,
1353 1819 1504 1853 morte
1545 1805 1719 1862 finitur,

425 1895 483 1926 ex
508 1895 653 1942 eaque
678 1892 849 1940 magna
882 1877 1117 1923 Natorum
1141 1893 1249 1940 pars
1275 1876 1450 1925 interit.

500 2045 516 2076 1
532 2061 542 2072 .
584 2025 763 2089 Scopus
789 2025 973 2071 decima
993 2025 1068 2071 die
1092 2025 1249 2090 primo
1264 2024 1503 2090 judicatus
1528 2027 1592 2075 est
1609 2029 1644 2074 ⁴.

478 2175 509 2198 ¹³
524 2170 638 2209 Conf.
655 2172 758 2210 Foes.
775 2172 886 2223 AEgr.
902 2172 976 2209 xlc.
1002 2176 1039 2209 in
1070 2173 1182 2224 Epid.
1200 2172 1294 2214 VII.
1318 2173 1514 2222 Ejusmodi
1533 2171 1725 2212 historiam

421 2246 507 2269 cum
520 2231 761 2283 subsequenti
777 2231 1033 2282 conjunCtam,
1049 2231 1338 2271 obscuriffimam
1357 2233 1497 2271 idcirco
1512 2243 1548 2271 et
1567 2232 1728 2271 inextri⁶

420 2292 590 2337 cabum,
626 2306 741 2343 quem
769 2293 808 2330 in
837 2294 992 2331 modum
1013 2294 1137 2332 rursus
1158 2294 1197 2330 in
1217 2295 1404 2345 Lausann.
1427 2295 1535 2332 Edit.
1569 2294 1725 2344 prodiit,

422 2353 536 2403 Epz'd.
556 2350 747 2402 VILsec‘l.
765 2352 802 2389 ii.
847 2363 955 2391 antea
975 2354 1044 2392 rite
1077 2353 1355 2402 emendaverat,
1376 2363 1411 2391 et
1440 2367 1461 2392 a
1481 2353 1727 2405 subsequenti

422 2409 638 2447 distinxerat
654 2410 726 2447 An.
750 2411 916 2451 Foefius.

476 2476 487 2492 ¹
518 2471 601 2521 Osis}
638 2484 693 2520 19.
741 2474 842 2510 Ceut.
881 2487 909 2511 Ι.

474 2537 490 2554 2
522 2531 781 2569 Muschembr.
821 2535 945 2585 Yrmgfi
979 2534 1190 2587 Phihfiff.
1219 2549 1404 2575 ccccxxv-

480 2597 493 2618 3
521 2593 598 2639 Effi
615 2590 779 2627 d’Edim.
805 2590 898 2631 Tim.
925 2593 953 2631 Ῑ.

478 2652 493 2672 ⁴
520 2652 631 2702 Epir&
652 2649 800 2701 ILJW.
824 2650 875 2688 iii.

1444 2719 1489 2753 2.
1526 2703 1715 2753 Pithion
