1932 3319
387 263 751 313 AEGRoT.
810 261 926 312 ET
986 262 1183 318 ΒΑΝ.
1345 271 1434 336 185

158 397 323 445 borum
362 396 495 443 crises
536 413 697 444 eorum
726 397 927 444 maxime
952 396 1057 451 effe,
1091 397 1173 460 qui
1210 399 1439 447 nobiliore

155 469 260 522 sunt
283 468 433 526 censu,
480 470 675 517 minime
706 486 817 517 vero
851 484 930 517 aut
960 469 1182 516 rarissimo
1222 473 1438 533 exemplo

155 542 508 601 miserabilium,
551 558 596 591 et
639 560 914 609 pauperum,
962 559 1134 606 nempe
1165 544 1434 593 verofimili-

154 630 239 672 ter,
286 618 412 680 quod
440 619 492 666 iis
528 620 688 682 purior
713 619 827 672 aeris
852 619 957 665 usus
980 618 1282 667 tribueretur:
1309 619 1435 665 fimi-

152 689 350 752 literque
397 691 512 736 illud
560 691 778 754 Baglivii,
823 693 950 755 quod
996 692 1272 739 rusticorum
1307 693 1436 756 plus-

152 778 296 824 quam
322 762 602 809 urbanorum
628 765 875 812 hominum
912 765 999 811 fint
1036 764 1215 814 criticae
1239 767 1432 813 morbo-

150 848 254 886 rum
280 835 564 894 mutationes
591 834 606 857 ⁸
628 853 638 882 ε
672 837 800 900 quod
825 838 936 895 alibi
962 837 1273 895 differendum
1295 838 1377 887 est.

216 996 263 1041 9.
306 980 510 1041 Oportet
555 980 680 1026 enim
728 980 775 1027 in
817 981 1024 1029 ordinata
1056 981 1339 1029 circuituum
1386 983 1433 1034 in

69 1095 78 1111 ,
148 1055 326 1111 morbis
350 1055 644 1112 successione,
686 1069 739 1102 ut
764 1057 931 1111 cuneta
956 1074 1161 1121 congrue
1187 1059 1312 1116 fiant,
1361 1060 1433 1106 vi-

149 1127 320 1175 delicet
348 1146 405 1174 ne
431 1130 546 1194 quid
573 1130 697 1190 aliud
723 1130 805 1176 sibi
832 1130 985 1187 morbi
1011 1145 1189 1189 natura,
1210 1132 1337 1178 aliud
1363 1133 1434 1191 in-

148 1215 406 1250 tercurrens
433 1204 537 1251 anni
562 1204 825 1267 tempestas,
866 1205 991 1251 aliud
1028 1205 1227 1270 denique
1253 1206 1438 1254 fibimet

147 1289 352 1338 aegrotus
402 1276 494 1340 ipse
531 1278 747 1340 postulet.
820 1278 948 1324 Cum
989 1279 1164 1325 etenim
1209 1279 1437 1343 pleraque

148 1349 425 1394 morborum
453 1366 624 1411 genera
655 1352 929 1414 quamdam,
963 1350 1044 1404 sibi
1070 1352 1326 1413 propriam,
1353 1369 1435 1401 an-.·

147 1421 195 1466 ni
242 1422 482 1468 stationem
527 1423 795 1479 adsciscant,
843 1439 944 1469 tum
990 1440 1102 1469 vero
1147 1424 1438 1487 singulariter

147 1495 307 1552 ctiam,
334 1497 454 1543 datae
478 1496 814 1544 constitutionis
835 1497 1077 1544 hominem
1107 1514 1267 1545 eorum
1300 1501 1437 1562 plane

147 1567 288 1613 multi
315 1568 533 1624 afficiant,
560 1569 893 1631 propriamque
915 1569 1100 1632 insuper
1118 1572 1436 1620 evacuationis

147 1653 194 1687 et
219 1640 389 1704 judicii
428 1642 572 1698 viam,
615 1659 777 1690 eorum
802 1659 921 1707 pene
946 1643 1111 1706 singuli
1136 1644 1321 1692 fibimet
1353 1664 1435 1694 ex-

145 1714 358 1776 poscant,
392 1714 591 1779 jamque
637 1718 789 1763 multa
828 1729 1056 1779 perpetuo
1091 1731 1256 1764 contra
1294 1719 1435 1765 ufita-

146 1788 289 1834 tiores
336 1789 555 1850 periodos
595 1792 827 1847 evenient,
893 1792 925 1837 fi
972 1808 1065 1854 qua
1111 1791 1244 1854 supra
1280 1794 1434 1841 dieto-

146 1878 252 1910 rum
277 1862 536 1926 incongrua
576 1865 710 1911 fimul
757 1867 885 1912 fiant.
956 1869 1117 1929 Qam
1161 1868 1434 1916 morborum

149 1950 259 1981 cum
302 1948 453 1992 aetate,
497 1937 619 1993 sexu,
670 1939 775 1986 anni
817 1939 1109 2001 tempestate,
1150 1940 1436 2004 vivendique

150 2009 502 2067 consuetudine,
521 2025 566 2057 et
584 2016 838 2074 praegreffis
860 2013 1104 2059 affeffibus
1121 2013 1433 2077 incongruen—

146 2083 280 2140 tiam,
328 2085 784 2148 diligentissimorum
815 2088 1107 2135 Clinicorum
1149 2090 1342 2147 monita,
1389 2104 1436 2138 et

144 2156 383 2206 observata
407 2162 701 2208 confirmant.
1202 2176 1205 2180 ’

221 2324 297 2361 10.
333 2310 553 2356 Alterum
594 2310 793 2373 denique
834 2309 1032 2372 superest
1067 2311 1308 2359 invifibilis
1343 2315 1433 2362 cri-

148 2381 244 2428 scos
286 2383 572 2445 exemplum,
610 2382 740 2446 cujus
783 2383 895 2429 item
926 2383 1142 2446 periodos
1180 2386 1436 2435 subducere

149 2468 196 2502 et
229 2456 484 2518 praevidere
510 2473 601 2503 non
626 2458 689 2503 est
715 2458 865 2504 facile.
938 2457 1098 2519 Hujus
1121 2461 1302 2523 generis
1334 2460 1438 2509 sunt

149 2530 407 2579 convulfivi
449 2531 641 2578 affectus
684 2532 898 2595 quidam,
941 2547 1144 2594 quorum
1168 2546 1433 2597 opportuna

388 2712 404 2758 ἶ
433 2716 552 2767 Conf.
572 2719 697 2758 Prax.
718 2720 818 2758 Med.
847 2719 934 2758 Lib.
953 2719 1004 2759 Π.
1029 2729 1106 2773 cap.
1128 2717 1194 2757 xii.
1294 2778 1303 2785 .

1292 2790 1432 2826 lsstel‘-
