1932 3319
498 325 563 371 42
733 311 848 360 DE
904 312 1088 361 VIT.
1148 313 1539 362 PERIOD.

560 449 609 491 4.
649 431 861 498 Qidam
881 432 1025 479 homo
1045 431 1270 480 Euboeus
1291 446 1406 496 poto
1426 434 1682 497 pharmaco
1705 434 1790 482 de-

492 505 647 553 orsum
696 518 945 570 purgante,
986 523 1069 570 per
1105 520 1196 554 tres
1242 506 1342 553 dies
1387 508 1699 571 purgabatur,
1744 521 1792 557 et

494 595 709 630 mortuus
728 581 791 628 est
811 582 862 627 ¹².

562 745 609 795 5.
647 730 916 794 Herophon
936 747 1057 779 nona
1080 730 1156 777 die
1182 729 1392 778 sudavit:
1430 730 1676 794 judicatus
1695 730 1789 779 est:

491 803 736 856 intermifit
760 807 985 854 morbus:
1036 806 1201 870 quinta
1227 805 1303 852 die
1340 806 1556 869 repetiit:
1600 805 1700 870 post
1718 822 1792 854 re-

491 879 705 927 cidivam
730 882 864 928 tertia
901 881 1028 946 splen
1050 880 1268 937 subsedit,
1297 880 1540 945 judicatus
1575 881 1638 927 est
1670 880 1793 940 circa

490 954 747 1002 Decimam
773 956 1019 1020 septimam
1040 959 1091 1002 ¹³.

555 1099 603 1147 6.
643 1101 863 1160 Mulieri,
899 1119 1007 1167 quae
1026 1102 1346 1149 decumbebat
1372 1102 1418 1148 in
1438 1101 1595 1148 littore
1615 1102 1674 1157 ¹⁴,
1701 1117 1791 1147 un-

489 1173 677 1222 decima
702 1174 778 1221 die
804 1174 946 1224 febris
981 1175 1152 1223 rediit:
1184 1189 1350 1239 quarta
1375 1175 1564 1223 decima
1578 1173 1793 1238 judicata

490 1249 574 1297 est.

552 1411 603 1459 7.
640 1397 937 1445 Abderitana
968 1397 1129 1461 virgo,
1161 1396 1263 1460 post
1287 1397 1524 1461 vigefimae
1544 1397 1636 1446 diei
1658 1396 1788 1461 judi·
1819 1437 1826 1446 .

489 1472 636 1528 cium,
685 1474 838 1520 rursus
863 1472 1091 1536 vigesima
1110 1485 1279 1536 quarta
1299 1488 1513 1537 correpta
1540 1473 1604 1520 est
1628 1472 1754 1520 febre
1775 1489 1787 1520 ε

488 1547 716 1611 vigesima
739 1548 936 1612 septima
960 1547 1150 1601 sudabat
1176 1547 1380 1594 multum
1404 1565 1414 1595 :
1460 1565 1487 1599 a
1511 1548 1639 1595 febre
1663 1547 1788 1595 libe-

487 1633 586 1666 rata
608 1619 670 1666 est
691 1622 741 1667 ¹⁵.

554 1765 599 1808 8.
636 1761 870 1808 Lariffaefe
916 1778 1156 1826 puerperae
1182 1762 1318 1809 tertia
1366 1762 1459 1819 die,
1510 1763 1669 1819 noctu,
1712 1778 1787 1809 ea-

487 1835 596 1882 dem
628 1836 739 1881 hora
764 1852 856 1899 qua
888 1853 1003 1899 puer
1039 1837 1229 1900 prodiit,
1268 1835 1484 1883 secundae
1524 1853 1576 1883 ac
1612 1854 1785 1900 purga-

487 1921 645 1954 menta
670 1909 775 1956 alba
799 1910 1092 1966 deciderunt,
1121 1927 1172 1956 ac
1198 1910 1422 1974 deinceps
1442 1909 1588 1967 tribus
1613 1910 1784 1964 diebus

488 1998 542 2029 ac
568 1983 784 2031 nostibus
809 1985 961 2035 multa
995 1985 1270 2048 prodierunt
1287 1983 1339 2033 ¹⁶.

555 2148 599 2193 9.
640 2132 1017 2194 Ctessphontem‚
1052 2132 1178 2196 quie
1197 2131 1631 2196 praegreffajamdiu
1651 2130 1784 2179 febre

486 2208 693 2263 ardente,
745 2225 865 2271 aqua
902 2208 1130 2254 intercute
1169 2209 1480 2267 laboraverat,
1523 2210 1671 2256 tribus
1704 2219 1785 2253 aut

487 2298 688 2346 quatuor
703 2299 806 2331 ante
825 2299 1026 2333 mortem
1046 2285 1230 2343 diebus,
1250 2286 1377 2349 rigor
1402 2301 1454 2332 ac
1481 2286 1620 2338 febris
1639 2284 1782 2332 corri-
1808 2316 1811 2318 -

536 2469 569 2487 ¹²
600 2466 759 2503 Jjbmit.

535 2531 568 2553 ³3
597 2530 711 2580 Epz'd.
734 2529 766 2565 Ῑ.
782 2531 874 2579 st‘asl.
890 2529 944 2568 ἰὶἰ.
965 2533 1081 2583 AEgr.
1105 2531 1159 2569 iii.

533 2593 569 2614 ¹⁴
595 2591 687 2627 Loc.
703 2593 764 2626 cit.
793 2592 909 2641 AEgr.
927 2590 1008 2629 xiii.

533 2652 565 2674 ¹⁵
596 2650 710 2701 Ερίιζ.
730 2648 988 2699 111.s2·[†*.iii.
1020 2653 1135 2704 ACgr.
1157 2651 1222 2690 VH.

534 2709 567 2731 ¹⁶
595 2708 711 2761 Epid.
731 2708 786 2745 V.

660 2782 673 2805 ¹
1545 2791 1744 2841 puerunt
1764 2797 1778 2828 ε
