1932 3319
1306 72 1333 112 Ι

448 248 540 286 112
675 232 802 286 DE
869 235 1584 288 VIT.PERIOD.

509 386 582 419 10.
621 370 850 419 Similiter
898 369 1099 416 febrium
1141 371 1253 416 fines
1272 370 1318 417 in
1351 373 1548 438 Qarta,
1590 366 1725 432 Hip-

436 442 638 507 pocratis
654 443 840 505 judicio
856 442 1226 506 frequentissimi,
1261 458 1369 489 eum
1387 443 1490 490 satis
1514 443 1574 488 ab
1593 439 1722 488 omni

435 535 544 581 erga
569 519 873 580 Imparitatem
898 517 1047 564 studio
1073 516 1309 566 liberant:
1345 517 1475 580 quod
1496 533 1587 564 non
1602 514 1725 561 vidit

436 591 612 647 Celsus,
641 608 792 655 neque
807 591 908 655 post
924 607 1031 638 eum
1048 591 1186 638 multi
1203 592 1257 645 ¹⁴,
1285 606 1403 653 quos
1423 605 1585 636 omnes
1599 588 1724 636 Celfi

425 662 665 726 judicium
676 664 856 721 fefellit,
871 665 951 729 qui
966 665 1195 728 plurimus
1208 680 1318 726 erga
1331 661 1658 726 Asclepiadem
1674 677 1730 708 ea

429 738 592 786 saltem
613 740 658 786 in
677 755 741 798 re,
769 755 847 786 aut
872 741 916 786 in
942 737 1212 786 mendosum
1239 737 1547 801 Hippocratis
1564 753 1726 783 exem-

431 814 533 876 plar
554 814 735 871 incidit,
759 827 840 862 aut
864 814 1196 861 inconfiderate
1216 812 1368 858 alieno
1384 809 1569 874 judicio
1591 814 1725 858 {uum

433 879 527 943 ipse
542 880 764 927 submisit.
836 884 1143 944 Qamquam
1169 893 1215 926 et
1233 877 1356 925 Celsi
1382 877 1744 924 accusationem,

433 952 551 999 alius
592 953 718 999 auxit
736 956 786 1010 ¹⁵,
807 954 1035 1001 creditam
1072 951 1441 1014 Pythagoreismi
1471 952 1728 1008 maculam,

432 1040 554 1071 nova
572 1024 791 1087 adjuncta
814 1025 1209 1072 animadversione
1235 1026 1390 1071 denuo
1414 1026 1691 1070 confirmans
1713 1043 1726 1072 ε

432 1112 602 1159 nempe
641 1098 771 1160 quod
798 1100 1121 1161 Hippocrates
1155 1098 1200 1144 in
1233 1095 1548 1160 percensendo
1572 1096 1728 1143 Laris-

430 1170 532 1217 saeae
554 1170 765 1234 Virginis
800 1171 1004 1233 judicio,
1041 1173 1170 1237 quod
1212 1172 1258 1218 in
1301 1173 1491 1218 Sextam
1538 1171 1727 1228 cecidit,

430 1245 708 1308 fingularem
733 1247 790 1292 de
818 1263 871 1293 ea
894 1264 987 1294 non
1013 1248 1058 1294 in
1098 1247 1319 1294 morbum
1361 1246 1598 1293 recidente
1640 1263 1728 1294 no-

431 1333 530 1365 tam
557 1319 854 1382 apposuerit3
892 1322 1019 1384 quasi
1061 1321 1332 1384 legitimum
1376 1319 1496 1366 istud
1512 1323 1621 1382 pari
1654 1321 1731 1368 die

423 1391 660 1455 judicium
683 1393 1001 1456 portentosam
1027 1394 1108 1440 ille
1134 1410 1234 1441 rem
1255 1393 1620 1441 existimaviffet.
1658 1396 1730 1442 At

429 1484 544 1515 vero
565 1467 762 1524 utinam,
803 1468 884 1531 qui
930 1467 989 1514 fic
1030 1467 1250 1524 scribunt,
1293 1481 1569 1531 aegrotantes
1603 1469 1727 1516 illius

428 1540 660 1596 sectioniS‚
703 1541 750 1587 in
776 1558 869 1604 qua
904 1541 1131 1590 Lariffaeae
1154 1541 1362 1604 Virginis
1410 1541 1536 1588 casus
1583 1556 1727 1600 extat,

433 1615 860 1671 confideraviffent,
898 1632 1050 1679 neque
1071 1629 1246 1663 temere
1270 1618 1335 1663 D.
1365 1618 1536 1663 Senem
1561 1618 1726 1665 erroris

432 1706 624 1752 arguere
665 1691 990 1754 quaefiviffent.
1062 1693 1134 1739 Ea
1171 1692 1402 1757 fiquidem
1440 1694 1531 1740 sors
1574 1709 1725 1757 aegro-

429 1764 630 1811 tantium
645 1768 878 1822 omnium,
914 1779 1147 1829 quotquot
1173 1783 1226 1813 ea
1249 1767 1449 1814 sectione
1474 1769 1723 1816 nominan-

430 1851 522 1894 tur,
569 1838 735 1894 fuerat,
775 1851 829 1884 ut
869 1851 1107 1902 quotquot
1144 1840 1437 1895 sanabantur,
1493 1854 1571 1888 aut
1603 1858 1725 1904 quo-

431 1928 536 1958 rum
563 1913 756 1958 morbus
795 1913 937 1975 paulo
977 1912 1195 1976 longiora
1237 1927 1453 1976 tempora
1500 1914 1722 1971 habebat,

429 1982 600 2047 pluries
620 1983 665 2030 in
684 1984 908 2030 morbum
925 1983 1203 2043 reciderent,
1226 1985 1446 2031 Tertium
1465 1986 1625 2032 demas
1642 1987 1723 2050 qui

429 2058 614 2104 decima
632 2057 707 2104 die
723 2057 779 2104 ad
798 2058 953 2120 plures
973 2057 1101 2113 abiit,
1128 2060 1368 2122 Qartum
1400 2072 1447 2105 et
1471 2059 1724 2123 Qintum‚

429 2133 512 2194 qui
537 2143 700 2194 quarta
723 2131 799 2177 die
818 2131 864 2177 in
888 2131 1007 2177 vivis
1030 2131 1117 2178 effe
1135 2132 1385 2189 defierunt,
1421 2134 1618 2180 Sextum
1642 2136 1723 2198 qui

430 2217 593 2267 quarta
612 2204 686 2251 die
720 2221 744 2251 a
768 2204 898 2251 febre
924 2204 1145 2251 liberatus
1188 2206 1265 2263 est,
1313 2219 1359 2252 et
1395 2207 1724 2254 Undecimum

430 2280 510 2342 qui
535 2281 673 2327 tertio
698 2281 773 2327 die
800 2280 846 2326 in
872 2280 1032 2328 crisem
1057 2281 1275 2328 omnibus
1300 2282 1505 2328 numeris
1538 2283 1723 2331 absolu-

431 2364 527 2397 tam
552 2353 730 2400 incidit.
801 2357 868 2402 At
891 2370 1002 2400 vero
1027 2355 1250 2401 morbum
1289 2372 1382 2402 non
1419 2355 1599 2402 rediiffe
1639 2356 1721 2402 ad-

432 2438 674 2472 notaverat
705 2427 848 2474 etiam
891 2427 938 2474 in
977 2428 1136 2484 Sexto,
1179 2429 1398 2491 quamvis
1426 2443 1589 2494 quarta
1626 2430 1718 2487 die,

476 2593 509 2614 ¹4
536 2591 622 2630 Ric.
643 2592 760 2630 Mead
779 2594 818 2630 de
836 2596 922 2645 Imp.
958 2596 1026 2632 Sol.
1047 2606 1078 2633 et
1097 2597 1197 2634 Lun-
1229 2611 1310 2647 cap.
1328 2597 1366 2634 ii.

479 2656 513 2679 ¹5
544 2652 593 2690 D.
613 2652 669 2691 Le
685 2651 798 2689 Clerc
827 2654 926 2702 Hss.
942 2656 983 2692 de
999 2657 1035 2692 la
1050 2657 1150 2693 Med.

1684 2716 1722 2764 is
