1932 3319
439 240 804 301 AEG'ROT.
864 251 979 298 ET
1038 250 1233 298 SAN.
1375 255 1464 313 177

184 379 494 450 Hippocratis
531 385 789 432 do&rinam
829 382 1032 430 maxime
1064 380 1392 445 judicatoriam
1419 381 1466 428 in

188 461 472 508 absceffuum
496 460 712 523 ruptione
729 462 748 484 ⁴
772 458 972 522 effugiit,

252 593 299 640 6.
338 593 432 640 Sed
478 604 524 639 et
568 592 721 648 saniei,
773 604 919 655 quam
964 599 1105 637 vocat
1148 586 1468 650 Berengarius,

185 665 341 712 subter
359 666 566 712 cranium
586 666 841 728 generatio,
861 665 906 710 in
922 663 1124 718 tertiam,
1145 662 1220 707 vel
1236 673 1468 724 quartam,

186 737 349 784 saltem
374 737 558 799 saepiuS,
585 739 636 783 fit
655 737 798 792 diem,
828 737 956 800 quod
975 749 1022 782 et
1036 735 1268 790 Arabum,
1294 746 1339 780 et
1361 749 1473 796 pro-

183 811 284 873 pria
308 809 628 855 observatione
653 809 916 856 admonitus
943 809 1218 855 confirmat:
1253 807 1323 853 his
1343 823 1476 853 name

187 892 281 939 que
307 875 471 923 diebus
496 875 824 938 suppuratoriae
838 874 988 923 febres
1009 875 1056 921 in
1080 874 1349 920 vulneribus
1368 873 1474 919 uni-a

187 947 355 995 verfim
381 949 516 1006 fiunt,
550 947 777 995 Tertiana
797 961 874 992 aut
897 950 1140 1012 Qartana
1163 945 1354 1007 periodo
1371 945 1477 991 satis

190 1021 450 1068 constanter
491 1022 548 1066 ab
576 1021 753 1068 infliffi'to
793 1021 1000 1075 vulnere,
1034 1020 1227 1065 servata.
1296 1017 1478 1064 Simili-

190 1109 275 1154 ter,
294 1096 511 1143 laethales
532 1095 681 1142 morbi
707 1097 764 1142 ab
784 1095 989 1159 impaCto
1014 1094 1200 1156 Capite,
1217 1092 1478 1140 conversio-

191 1185 288 1224 nes,
331 1186 445 1233 quas
472 1170 518 1215 in
555 1171 722 1233 Hepar
745 1169 1033 1232 potiffimum
1058 1168 1172 1223 fieri,
1210 1167 1346 1213 multi
1372 1165 1481 1214 scri-

192 1244 328 1297 bunt,
373 1243 577 1306 quasque
602 1243 647 1289 in
673 1242 1000 1298 Pulmonibus,
1041 1241 1274 1298 Renibus,
1314 1239 1482 1297 Liene,

193 1317 494 1373 Mesenterio,
561 1316 773 1362 inventas
821 1316 1029 1362 {imiliter
1089 1314 1217 1361 fuiffe
1262 1314 1483 1374 legimus,

192 1391 325 1439 nullo
363 1404 512 1449 antea,
560 1388 844 1454 frequenter,
898 1403 1081 1436 extante·
1106 1390 1151 1435 in
1177 1388 1366 1435 cerebro
1391 1406 1483 1452 pu-

194 1463 420 1510 rulentias
447 1462 644 1515 inditi03
698 1462 786 1517 hae,
836 1461 1048 1525 inquam,
1093 1462 1258 1508 critico
1285 1461 1484 1507 circuitu

197 1536 358 1598 aliquo
378 1551 523 1598 prope
549 1535 752 1591 ineunte,
787 1549 1052 1592 exeruntur,
1091 1550 1355 1598 magnaque
1375 1547 1486 1581 tunc

200 1609 445 1673 inopinato
462 1610 514 1655 fit
531 1624 688 1655 rerum
723 1607 947 1672 angustia.>

261 1769 311 1818 7.
349 1758 671 1819 Qamquam,
698 1755 729 1802 fi
753 1756 834 1819 qui
860 1755 1293 1820 de'H'ippocraticae
1316 1755 1488 1804 dofftri«

201 1847 272 1877 nae
299 1829 651 1876 confirmatione
693 1831 780 1876 hac
822 1831 1075 1877 universim
1101 1831 1145 1876 in
1184 1847 1231 1876 re
1252 1831 1492 1888 dubitant,

202 1912 282 1949 eos
309 1902 448 1949 satius
484 1901 548 1948 est
574 1901 632 1948 ad
657 1918 964 1950 communem
989 1901 1329 1966 Chirurgorum
1353 1920 1493 1966 prax-

201 1969 267 2016 im
310 1977 583 2031 provocare‚
642 1969 799 2031 potius
837 1985 978 2032 quam
1021 1970 1078 2015 ad
1119 1970 1494 2027 numerofiflima,

202 2058 309 2105 quae
327 2056 382 2087 ex
394 2034 602 2087 Medicae
618 2042 842 2088 Historiae
862 2042 1160 2105 scriptoribus
1180 2044 1370 2107 allegari
1387 2043 1494 2107 pos-

203 2121 300 2162 lent
346 2112 649 2176 singularium
696 2114 925 2162 faetorum
946 2117 959 2140 ⁵
1007 2115 1235 2178 exempla.
1322 2117 1497 2164 Praeter

1366 2183 1493 2231 enim

249 2325 269 2348 4
297 2321 444 2359 Extant
463 2320 638 2371 exempla
656 2314 769 2360 serius
790 2323 903 2374 longe
923 2321 1223 2375 supervenientis
1241 2323 1401 2363 laethalis
1422 2338 1506 2364 vera

196 2378 344 2433 tiginis‚
371 2389 407 2419 et
439 2383 661 2432 apoplexiae,
694 2397 860 2435 quorum
877 2398 1012 2431 unuin,
1040 2384 1187 2423 decimo
1207 2382 1286 2435 jam
1310 2399 1427 2436 prope
1454 2388 1508 2424 la==

196 2443 310 2480 bente
339 2454 360 2478 a
387 2441 472 2479 laeso
491 2441 613 2492 capite
642 2443 780 2490 mense,
815 2442 949 2481 recitat
966 2445 1006 2482 Pi
1030 2444 1130 2491 Paw,
1163 2443 1202 2482 in
1220 2446 1371 2483 Succent.
1391 2447 1507 2483 Anat.

199 2509 278 2538 non
296 2499 494 2538 mediocris
515 2500 719 2549 industriae,
752 2513 788 2540 et
820 2504 1064 2554 experientiae
1093 2504 1203 2543 libro.
1259 2504 1374 2543 Conf.
1396 2505 1511 2544 etiam

201 2559 366 2598 Sckenk.
383 2560 468 2610 Obs.
505 2560 547 2598 Τ.
567 2562 600 2600 1.
630 2576 695 2612 34.
730 2572 766 2598 et
782 2562 971 2601 Valeriol.
994 2574 1071 2616 cap.
1088 2577 1126 2602 v-

259 2623 272 2645 ⁵
304 2618 420 2657 Conf.
459 2619 560 2657 inter
596 2621 831 2673 antiquiores
865 2623 1049 2671 Paraeum,
1088 2625 1176 2663 Lib.
1197 2624 1268 2663 IX.
1296 2635 1374 2677 cap.
1389 2624 1444 2662 ix.
1475 2631 1513 2662 et

204 2678 419 2720 Hildanum
451 2679 492 2720 in
526 2681 619 2720 locis
651 2683 764 2733 plane
784 2683 985 2733 plurimis:
1015 2695 1096 2724 tum
1129 2699 1221 2723 vero
1255 2676 1514 2723 recentiorum

798 2744 841 2781 N
1343 2745 1516 2784 omnium
