1932 3319
453 271 545 318 188
698 270 814 319 DE
863 270 1046 320 VIT.
1108 271 1497 324 PERIOD.

445 409 855 472 reprehendemus.
948 411 1122 474 Neque
1162 410 1346 468 dubito,
1393 413 1507 476 quin
1554 413 1730 463 multos

445 484 613 531 Galeni
638 484 786 531 sermo
811 485 869 531 de
893 484 1033 548 fignis
1057 484 1220 532 criseos
1249 485 1438 542 nuntiiS,
1460 487 1504 533 in
1529 503 1730 535 errorem

444 557 657 606 duxerit:
709 559 841 622 quod
876 558 1080 606 diximus
1119 557 1350 622 superiore
1384 559 1531 606 libro:
1579 561 1729 608 unde-

443 647 650 693 cumque
696 631 820 678 enim
867 631 1050 695 sumpta
1095 631 1367 678 morborum
1414 631 1646 694 exempla,
1693 631 1729 679 fi

441 703 631 767 quando
672 720 780 750 cum
825 704 1179 767 Hippocraticis
1227 718 1439 751 accurate
1487 703 1727 768 conferan-

441 789 535 832 tur,
576 790 701 824 tanta
741 778 874 824 simul
917 777 1215 824 slmilitudine
1240 776 1524 841 junguntur,
1556 790 1610 823 ut
1631 770 1730 840 ¹pa-

441 865 542 897 rem
592 851 831 913 utrimque
869 851 1066 898 Naturae
1106 851 1329 898 inceffum
1364 850 1557 916 quisque
1593 849 1731 898 facilc

440 922 679 988 agnoscat.

504 1082 553 1124 4.
592 1065 830 1112 Caeterum
870 1079 981 1110 cum
1021 1079 1116 1110 non
1157 1080 1300 1117 unam
1340 1080 1505 1112 omnes
1542 1065 1731 1118 Medici

437 1137 662 1186 medendi
686 1138 899 1200 regulam
938 1137 1234 1195 servaverint,
1264 1137 1529 1185 diffimilem
1560 1138 1731 1201 pariter

436 1213 485 1260 in
534 1211 720 1259 Morbis
768 1211 964 1257 Naturae
1004 1211 1281 1274 potestatem
1322 1211 1617 1258 tribuerunt:
1675 1225 1730 1259 ut

434 1300 681 1352 propterea
706 1302 816 1332 cum
858 1285 1101 1350 utrimque
1138 1286 1196 1333 ad
1234 1285 1470 1334 Clinicam
1495 1302 1727 1350 provoca-

435 1374 541 1415 tum
568 1359 734 1415 fuisset,
770 1359 986 1406 consultis
1032 1361 1275 1425 exemplis,
1309 1361 1506 1424 quisque
1529 1377 1616 1424 pro
1651 1359 1728 1408 sua

435 1434 484 1481 in
524 1434 764 1480 Medicina
787 1433 1045 1493 voluntate,
1085 1447 1162 1479 aut
1193 1432 1507 1495 Hippocratis
1545 1433 1727 1481 senten-

435 1508 524 1554 tias
549 1508 862 1564 confirmaret,
895 1519 973 1554 aut
997 1505 1222 1570 rejiceret.
1266 1507 1404 1553 Certe
1425 1521 1533 1552 cum
1550 1506 1607 1553 de
1628 1504 1727 1569 ejus

434 1580 659 1628 dostrinae
683 1579 972 1643 perennitate
999 1578 1119 1626 inter
1155 1579 1373 1625 cultiores
1397 1577 1581 1641 quasvis
1605 1595 1724 1641 gen-

434 1667 504 1700 tes
531 1653 817 1700 vexatiffima
855 1652 1071 1699 inciderit
1109 1653 1226 1717 saepe
1257 1652 1465 1716 quaestio,
1508 1644 1614 1700 non¹
1643 1653 1723 1709 alii

433 1727 601 1790 magis,
639 1743 786 1795 quam
809 1726 1081 1779 earumdem
1107 1727 1322 1795 gentium
1349 1725 1533 1781 Medici
1558 1730 1595 1786 ²,
1614 1742 1724 1789 pro-

1621 1815 1726 1863 pria

477 1972 495 1990 ²
524 1968 753 2006 Morborum
770 1967 1027 2017 judicationes
1063 1976 1101 2004 et
1129 1964 1304 2017 periodos
1336 1978 1423 2003 cum
1443 1962 1729 2014 Hippocraticis

427 2037 603 2065 accurate
622 2025 830 2065 incidentes
850 2027 957 2064 nulla
982 2040 1057 2064 non
1090 2038 1184 2076 gens
1212 2023 1319 2070 vidit,
1349 2022 1567 2074 nullibique
1599 2035 1730 2061 earum

426 2085 666 2124 confirmatio
699 2087 809 2136 plane
844 2086 979 2124 defuit.
1035 2084 1231 2122 Viderunt
1265 2083 1365 2121 inter
1397 2083 1549 2128 Gallos,
1573 2092 1610 2119 et
1641 2096 1730 2127 cum

425 2144 710 2196 Hippocraticis
731 2147 977 2183 contulerunt
995 2144 1188 2190 Rioerius,
1209 2142 1425 2189 Hollerius,
1443 2142 1623 2188 Duretus,
1644 2141 1730 2180 Bal-

423 2205 564 2251 lonius,
592 2215 672 2242 tum
704 2219 794 2242 vero
818 2204 917 2243 inter
935 2216 1090 2242 caeteros
1110 2206 1158 2241 A.
1183 2203 1417 2240 Laurentius
1439 2216 1513 2239 non
1535 2201 1729 2239 minimam

423 2264 764 2312 profec‘t01m1de1n
785 2263 885 2302 edito
905 2263 1147 2302 eruditissimo
1179 2276 1222 2299 ea
1254 2262 1299 2298 de
1333 2276 1371 2299 re
1409 2260 1507 2299 libro
1525 2260 1727 2311 indeptus:

424 2323 606 2361 viderunt
624 2323 721 2361 inter
741 2324 960 2374 nuperiores
983 2324 1203 2373 QiesnaeuS,
1225 2321 1420 2368 Senacius‚
1440 2320 1628 2371 Lorrijus,
1650 2321 1729 2358 alii-

425 2397 501 2433 que
523 2398 687 2434 quorum
709 2385 863 2423 nomina
883 2399 959 2422 non
980 2385 1054 2422 fine
1071 2384 1182 2421 laude
1203 2383 1373 2434 superius
1390 2383 1429 2420 in
1451 2381 1728 2433 Hippocratica

423 2442 581 2479 Tabula
599 2443 784 2480 dedimus.
840 2443 984 2481 Similia
1010 2443 1107 2481 inter
1126 2444 1275 2493 Anglos
1308 2442 1508 2493 specimina
1527 2441 1728 2479 ediderunt

424 2502 636 2546 Freindius‚
664 2505 884 2550 'Mortonuffi
904 2505 1226 2555 KVintheringam,
1243 2504 1601 2550 RIusckembrooek,
1619 2503 1724 2541 Mar-

423 2563 493 2609 tin,
515 2561 650 2607 Nilml,
695 2575 735 2599 ut
756 2565 1070 2614 Sydhemmium,
1105 2564 1334 2616 Pringlium,
1366 2563 1547 2615 aliosque,
1573 2563 1618 2600 de
1640 2560 1725 2614 qui-

422 2623 493 2659 bus
511 2621 600 2659 alibi
621 2622 755 2667 dicuin,
784 2633 1020 2671 praeteream.
1076 2622 1309 2674 Nuperrime
1338 2622 1489 2660 demum
1505 2619 1721 2663 Cullenius,

425 2681 484 2718 vir
507 2681 552 2718 de
582 2682 757 2718 universa
794 2682 987 2719 Medicina
1019 2684 1197 2733 praeclare
1226 2685 1265 2720 et‘
1284 2681 1525 2732 singulariter
1549 2678 1720 2723 meritus,

424 2740 735 2791 I‘Iippocraticam
756 2739 906 2778 crifium
927 2741 1137 2779 doctrinam
1151 2740 1319 2779 defendit
1338 2752 1375 2778 et
1393 2738 1555 2778 ornavit.
1612 2735 1721 2786 Qid

1675 2795 1765 2833 de.
