1932 3319
360 252 768 309 .AEGROT.
840 238 956 299 ET
1028 252 1226 301 SAN.
1421 259 1482 319 83

251 387 327 438 15.
359 370 553 420 Nicolai
579 370 862 419 Concubina
886 383 1076 420 mortua
1107 370 1171 419 est
1197 369 1320 418 circa
1351 372 1479 423 diem

177 447 454 512 vigesimam
484 453 547 497 ¹⁹.

247 590 325 639 16.
367 588 648 638 Nicoxenus
687 591 734 637 in
758 589 959 639 Olintho
1003 590 1202 654 septima
1240 590 1317 636 die
1342 589 1478 637 vide-

173 657 309 712 batur
333 665 500 714 morbo
525 665 641 711 liber
665 682 776 714 cum
814 666 977 714 sudore
1000 684 1011 713 ε
1052 667 1257 715 Decima
1282 666 1481 730 septima

171 739 396 803 ingressus
435 740 499 788 est
532 738 856 803 Hippocrates
877 742 934 787 ad
955 739 1139 804 ipsum:
1196 739 1314 787 intra
1339 740 1478 804 vige-

169 813 343 864 fimum
365 814 493 863 diem
519 815 646 863 calor
668 816 861 864 evanuit
884 818 941 864 ²⁰.

242 970 319 1019 17.
357 956 660 1014 Euridamus,
701 956 804 1003 aliis
847 956 1129 1019 Pyridamus
1178 957 1225 1003 in
1258 956 1477 1005 OEniadis

170 1042 384 1079 mortuus
407 1030 472 1078 est
496 1047 644 1095 prope
672 1030 952 1094 vigesimam
977 1030 1107 1078 diem
1131 1032 1184 1077 ²¹.

244 1175 319 1220 18.
363 1172 564 1220 Mulieri
602 1172 756 1236 capite
796 1171 977 1220 fortiter
1013 1184 1222 1236 gravatae
1239 1170 1476 1236 judicatio

166 1245 341 1311 obtigit
364 1246 490 1294 circa
512 1245 811 1310 Vigefimam
835 1249 887 1295 ²².

240 1401 318 1448 19.
362 1384 698 1435 Clazomenius
716 1382 945 1446 vigesima
970 1382 1047 1429 die
1088 1383 1182 1430 fine
1208 1381 1337 1431 febre
1364 1382 1471 1442 fuit,

167 1469 216 1505 et
234 1457 474 1523 judicatus
497 1455 592 1505 est:
634 1454 804 1505 recidit
828 1469 984 1504 tamen
1018 1455 1065 1503 in
1101 1456 1329 1504 morbum
1346 1459 1402 1514 4³.

500 1677 859 1732 DIES
997 1685 1146 1733 XXI.

232 1808 297 1868 A.
331 1816 526 1879 Judicat
551 1818 599 1865 in
625 1817 901 1866 circuitibus
930 1818 1222 1882 imparibus:
1280 1817 1469 1866 criticos

165 1894 284 1942 item
317 1893 502 1942 sudores
542 1906 735 1943 movet:
767 1894 1055 1959 judicatoria
1090 1895 1190 1941 dies
1234 1893 1279 1939 in
1323 1893 1468 1941 febri-

165 1968 285 2015 bus:
329 1967 627 2032 summopere
651 1969 931 2031 Archigeni,
962 1982 1007 2016 et
1032 1968 1192 2016 Diocli
1221 1983 1466 2014 commen-

165 2044 292 2100 data,
327 2043 613 2107 paucissimis
668 2057 896 2092 caeterum
946 2045 1072 2108 apud
1108 2044 1463 2108 Hippocratem

158 2119 511 2184 judicationum
546 2121 775 2184 exemplis
801 2121 1032 2172 instructa.

210 2317 246 2339 ¹9
273 2314 390 2366 Ep'id.
406 2313 608 2366 VILscc‘J.
630 2311 669 2353 ii.

206 2378 244 2397 20
270 2373 359 2411 Loc.
380 2378 445 2412 cit.

207 2435 242 2454 ²¹
272 2435 387 2486 Epid.
410 2434 463 2473 V.

206 2495 241 2513 ²²
259 2495 374 2546 Epid.
392 2495 467 2533 IV.

204 2554 241 2597 '1’3
267 2554 383 2608 Epid.
409 2554 439 2593 Ι.
453 2556 547 2609 [εὲἵ.
565 2554 620 2595 iii.
646 2554 842 2609 AEgrsx..

744 2668 844 2717 G2
1045 2726 1057 2741 ,-
1143 2730 1145 2732 ,
1247 2669 1450 2719 B.Ob-
