1932 3319
391 254 763 302 AEGROT.
835 253 953 302 ET
1027 253 1227 300 SAN.
1400 269 1463 316 33

557 455 844 505 CAP.
981 454 1045 502 V.

160 581 411 647 Comedus
439 588 623 635 Dierum
650 590 908 636 Criticorum
933 604 983 634 ex
1004 588 1288 649 Hippocrate,
1316 596 1359 633 et
1374 598 1458 648 pa·-

221 656 416 716 tffmum
455 676 506 706 ex
530 661 792 723 Epidemiwn
825 661 1011 708 Libris:
1053 661 1323 724 Acccfferunt
1352 676 1457 706 non-

225 732 355 780 nulla>
387 749 437 780 ex
459 737 696 797 nuperioris
720 737 841 782 AEvi
864 735 1160 797 Scriptoribus
1197 735 1458 798 depromptae

204 809 473 870 Judiciorufn
497 810 713 869 Hzstoriae.

163 956 207 989 1.
369 943 785 992 XEMPLUM
811 944 1038 1007 ejusmodi
1064 946 1238 993 tabulae
1262 945 1461 993 dederat

394 1016 512 1063 inter
535 1017 710 1079 primos
758 1020 820 1066 G.
858 1018 1105 1075 Martine¹,
1149 1020 1346 1083 postque
1384 1020 1459 1082 ip-

158 1080 258 1130 sum
277 1086 355 1134 Ill.
375 1090 450 1137 De
470 1091 629 1148 Haen,
647 1093 903 1155 eorumque
921 1091 1115 1155 vestigia
1133 1109 1257 1157 pone
1276 1091 1459 1139 secutus

1377 1164 1460 1224 est,

203 1295 218 1313 ¹
245 1293 308 1330 Ast
335 1295 446 1348 Effizy
464 1311 506 1335 on
526 1296 582 1335 the
598 1298 750 1336 Periods
769 1297 846 1334 and
858 1299 975 1348 Crists
1005 1299 1055 1348 of
1077 1298 1257 1349 Dz'fi’afi’s.
1301 1298 1468 1345 London,

153 1363 266 1402 1740.
323 1354 451 1392 Serius
480 1366 581 1394 certe
613 1356 739 1407 postea
770 1356 831 1394 Cl.
864 1357 1008 1396 Haenii
1040 1355 1353 1406 investigationes
1380 1369 1469 1407 pro-

148 1414 266 1454 diere.
321 1419 364 1454 In
400 1420 494 1457 Rat.
508 1419 611 1456 Med.
636 1427 711 1471 cap.
731 1416 784 1455 iv,
799 1425 901 1469 part.
921 1418 957 1458 i.
994 1433 1079 1456 ann.
1100 1428 1210 1468 1757.
1240 1417 1347 1455 Edit.
1380 1419 1471 1456 Vin-

146 1477 227 1516 dab.
257 1486 294 1514 et
310 1477 568 1529 Lucupletius
588 1479 628 1517 in
650 1479 731 1530 ejus
751 1480 922 1517 Praelec‘i.
944 1493 1032 1529 quas
1066 1480 1205 1529 collegit
1233 1477 1300 1514 Fr.
1332 1479 1401 1515 Wa
1429 1491 1471 1514 en

145 1539 260 1589 Berg.
282 1538 380 1577 Se&
400 1554 490 1592 931.
504 1539 655 1579 Vindob.
684 1554 769 1577 ann.
794 1551 904 1590 1779,
926 1550 957 1576 et
985 1540 1062 1577 Col.
1081 1536 1224 1577 Altobr.
1243 1551 1329 1575 ann.
1355 1537 1472 1587 1784.

144 1596 208 1634 Ita
224 1606 353 1635 tamen
378 1597 558 1648 ejusmodi
591 1599 765 1636 tabulam
783 1598 833 1635 A.
862 1598 920 1635 De
946 1598 1061 1635 Haen
1079 1595 1265 1647 utrinque
1285 1594 1470 1642 confecit,

145 1665 191 1693 ut
209 1669 293 1694 eam
329 1657 571 1696 delineaviffe
602 1657 745 1708 potius,
777 1671 895 1709 quam
925 1655 1121 1694 absolvisse
1144 1654 1337 1692 videatur.
1392 1655 1470 1691 Ac-

146 1717 336 1755 cess'erunt
367 1716 481 1756 etiam
508 1716 570 1755 Cl.
607 1717 664 1754 Le
682 1718 767 1768 Roy
791 1719 926 1767 (Prog.
951 1719 1040 1754 dans
1068 1717 1114 1753 les
1138 1715 1240 1752 Mal.
1271 1718 1347 1765 aig.
1378 1727 1471 1764 pag.

147 1776 238 1824 206,
268 1787 305 1815 et
310 1778 432 1829 st’qu.)
463 1776 502 1814 in
535 1776 782 1815 Haenianum
817 1789 914 1826 opus
951 1775 1251 1821 criminationes,
1283 1774 1470 1811 adversus

145 1851 243 1888 quas
279 1836 590 1875 Vindobonenfis
625 1835 845 1875 Profefforis
881 1836 1067 1874 vindicias
1099 1849 1169 1885 pro
1196 1843 1303 1884 parte
1335 1833 1472 1872 saltem

147 1896 349 1947 sumpfiffe,
370 1907 408 1934 et
425 1895 641 1946 argumenti
660 1907 698 1934 et
718 1895 890 1934 veritatis
911 1895 1008 1932 ratio
1021 1895 1146 1933 suasit,
1203 1893 1346 1931 Praeter
1364 1891 1470 1929 enim

145 1969 266 2006 quam
295 1955 402 2006 quod
430 1969 609 2005 magnam
628 1954 776 2007 ubique
804 1954 1047 2004 nuperrimus
1069 1954 1203 1991 aucior
1222 1962 1358 1989 contra
1386 1952 1469 2000 ple-

147 2016 288 2068 rosque
312 2014 538 2064 Epidemimn
559 2014 678 2052 libros
707 2013 987 2051 dubitationem
1015 2021 1179 2058 moveat,
1208 2010 1248 2047 in
1269 2010 1413 2048 Galeni
1432 2019 1471 2047 et

146 2075 458 2126 Hallerijudicio
477 2085 593 2121 totus,
615 2075 683 2112 vix
703 2074 816 2113 etiam
831 2074 992 2112 totidem
1011 2089 1059 2113 ex
1080 2073 1319 2124 Hippocrate
1339 2072 1469 2109 obser-
1489 2111 1491 2116 A

145 2137 334 2182 vationes,
355 2149 451 2186 quas
471 2134 512 2172 in
528 2135 660 2171 tabula
677 2134 742 2172 sua
757 2133 931 2173 Haenius
944 2133 1144 2180 citaverat,
1176 2131 1275 2170 sumi
1290 2130 1467 2181 potuisse,

146 2196 209 2233 vel
235 2195 363 2241 etiam,
395 2194 421 2231 fi
454 2194 613 2246 quando
639 2193 706 2231 ille
734 2208 783 2231 ex
808 2192 955 2231 cunetis
977 2192 1205 2243 Epidemiwn
1229 2190 1336 2228 libris
1357 2189 1467 2242 aegri-

144 2256 328 2296 tudinum
347 2255 598 2306 singularium
613 2256 790 2305 exempla
809 2255 938 2293 omnia
957 2253 1232 2305 percensuisset,
1252 2250 1468 2302 subjungit.

145 2315 292 2366 Neque
325 2312 427 2351 enim
456 2313 760 2352 diffimulandum
780 2314 831 2352 est
855 2313 1056 2364 plerasque
1075 2326 1123 2351 ex
1141 2311 1266 2349 allatis
1295 2311 1342 2348 ab
1361 2311 1466 2348 Hae-

143 2377 210 2416 nio
229 2376 410 2423 historiis,
432 2376 574 2428 absque
606 2376 689 2413 ulla
719 2375 886 2426 allegata
913 2372 1183 2425 Hippocratici
1212 2382 1344 2411 textus
1372 2371 1466 2409 cita-

143 2436 249 2475 tione
280 2434 458 2487 proferri,
493 2435 647 2487 aliaque
681 2433 796 2472 etiam
823 2433 1065 2481 incuriofius,
1101 2447 1220 2486 quam
1249 2446 1318 2484 par
1341 2431 1469 2469 fuisset

143 2499 322 2544 tractata,
342 2511 418 2535 non
437 2511 590 2535 omnem
622 2495 661 2534 in
677 2495 879 2535 Haeniana
900 2496 1033 2533 tabula
1063 2497 1232 2546 effugere
1261 2494 1468 2544 reprehen-

145 2560 290 2599 fionern
309 2559 421 2597 facile
440 2558 554 2609 posse.
612 2557 674 2596 Est
693 2556 809 2595 etiam
838 2559 960 2596 altera
990 2557 1101 2595 Galli
1121 2554 1312 2606 scriptoris
1332 2555 1405 2591 hac
1423 2553 1466 2591 in

147 2634 188 2660 re
208 2620 384 2658 adversus
405 2619 602 2658 Haenium
633 2617 862 2665 criminatio,
897 2617 1092 2665 nimirum,
1124 2616 1230 2670 quod
1249 2613 1387 2654 frustra
1414 2626 1466 2650 ex

148 2679 400 2732 fingularium
420 2678 690 2733 aegritudinum
719 2678 821 2729 apud
851 2676 1130 2733 Hippocratem
1157 2675 1372 2716 recensione
1392 2670 1468 2708 cri-

753 2739 791 2778 D
1298 2734 1467 2774 tieorum
