1932 3319
462 242 527 291 28
713 226 1519 292 DE'VIT.PER10D.

529 361 577 408 6.
616 361 791 425 Neque
816 361 849 408 ii
891 361 996 424 plus
1030 361 1171 408 etiam
1209 379 1287 409 me
1325 366 1539 419 movent,
1579 361 1754 427 quibus

463 450 573 484 curn
609 448 739 482 curta
770 435 976 482 nonnihil
1002 435 1314 499 Hippocratis
1336 436 1383 482 in
1410 435 1655 493 Medicina
1679 437 1754 484 su·-

460 511 615 574 pellex
654 511 909 573 approbata
928 509 998 566 fit,
1039 510 1199 557 saltem
1240 510 1397 573 quoad
1434 511 1605 558 Artem
1645 511 1752 559 uni-

461 583 636 630 versam
661 583 882 648 pertinet,
909 599 965 630 eo
984 584 1088 646 plus
1114 600 1215 631 acre
1233 583 1482 646 adjunxere
1498 582 1752 648 judicium,
1790 589 1794 594 ⁴

461 672 556 720 quo
593 656 747 701 minus
787 670 866 700 eos
909 656 1056 702 libros
1099 656 1381 720 Hippocrati
1424 657 1754 715 adscriberent,

460 731 542 796 qui
566 731 640 777 vel
665 746 719 775 ea
740 728 923 794 prorsus
949 731 1183 789 efferrent,
1226 733 1272 780 in
1307 732 1478 796 quibus
1511 730 1608 798 ejus
1648 732 1755 796 pos-

460 805 547 852 teri
570 805 778 870 primum
805 804 1011 852 claruisse
1030 805 1257 865 feruntur,
1276 808 1351 853 vel
1375 808 1568 871 egregia
1593 807 1763 871 saltem·

461 893 623 926 earum
649 894 800 924 rerum
828 878 1078 940 specimina
1114 880 1158 926 in
1201 881 1245 927 se
1279 881 1517 928 haberent.
1593 879 1756 942 Hujus

460 951 642 1015 generis
666 952 767 997 sunt
789 953 1037 1013 exagitatae
1057 954 1137 1001 diu
1169 954 1228 1000 de
1252 955 1467 1018 pulsuum
1493 954 1661 1001 notitia
1685 956 1752 1000 D.

461 1025 573 1071 Seni
588 1026 627 1048 ²⁰
651 1024 899 1071 tribuenda
925 1028 1264 1084 controverfiae,
1308 1029 1502 1091 aliaeque
1536 1027 1676 1091 plane
1701 1023 1755 1071 fi-

782 1099 791 1104 “
1599 1100 1754 1155 miles,

451 1245 581 1292 betur,
610 1244 717 1297 quod
752 1244 912 1283 tenuiffe
949 1243 1103 1284 videtur
1134 1246 1235 1284 inter
1260 1256 1425 1287 caeteros
1446 1246 1563 1297 Diog.
1584 1245 1764 1285 Laertius

451 1306 499 1344 de
518 1308 595 1351 Vit,
614 1307 753 1356 Philas.
780 1305 939 1354 Anthss.
959 1309 1037 1344 Vit.
1059 1308 1134 1345 five
1154 1307 1315 1360 Cynicae
1334 1308 1443 1346 sectae
1468 1307 1578 1358 origo
1601 1308 1648 1346 ad
1668 1306 1760 1351 Dio-

450 1377 601 1420 genem,
641 1378 759 1417 quern
793 1362 947 1415 proprie
981 1364 1174 1416 Cynicum
1202 1366 1347 1411 dixere,
1393 1365 1595 1416 pertineat,
1643 1377 1760 1417 quem

448 1434 579 1461 tamen
592 1423 855 1472 Anthistenem
871 1422 1064 1470 audiviffe,
1080 1437 1128 1461 ex
1144 1437 1268 1474 eoque
1284 1422 1618 1474 perturbationum
1632 1420 1763 1461 vacui-

448 1494 567 1523 tatem
583 1484 750 1535 primum
767 1483 930 1522 didicisse
950 1499 997 1522 ex
1017 1482 1178 1523 Laertio
1205 1484 1377 1523 similiter
1396 1485 1552 1532 constat,
1594 1496 1761 1538 uterque

447 1557 583 1583 eorum
612 1544 652 1582 in
686 1545 846 1583 eandem
882 1559 972 1582 cum
999 1545 1236 1595 Hippocrate
1273 1554 1421 1583 aetatem
1453 1559 1571 1597 prope
1608 1545 1759 1587 incidit.

450 1605 539 1645 Fuit
569 1618 704 1656 nempe
735 1604 980 1644 Anthistenes
1007 1615 1211 1644 coetaneus
1244 1604 1468 1652 Democriti,
1499 1617 1536 1644 et
1563 1606 1759 1644 Socratem

449 1664 612 1711 audivit,
643 1666 792 1703 emenso
812 1663 984 1717 quotidie
1005 1679 1117 1703 xxxx
1137 1663 1341 1703 stadiorum
1361 1663 1583 1711 intervallo,
1621 1675 1664 1702 ut
1678 1664 1761 1715 ejus

445 1726 616 1764 scholam
655 1726 798 1765 adiret:
841 1726 1107 1764 Democritum
1144 1739 1236 1764 vero
1269 1725 1464 1764 Socratem
1503 1725 1645 1770 noviss'e
1681 1740 1759 1766 non

447 1785 604 1824 obscure
625 1799 671 1822 ex
693 1785 824 1823 eodem
848 1784 1006 1822 Laertio
1025 1784 1064 1821 in
1084 1788 1174 1823 Vita
1194 1786 1394 1822 Democriti
1412 1783 1661 1836 intelligitur.

459 1859 467 1862 ⁷
503 1849 539 1870 20
566 1845 681 1882 Certe
710 1844 944 1896 pulsantium
976 1845 1162 1892 vasorum,
1197 1854 1234 1882 et
1258 1844 1387 1895 pulsus
1412 1844 1545 1883 crebra
1559 1843 1692 1883 incidit
1718 1843 1758 1883 in

448 1905 696 1959 Hippocratis
733 1904 885 1956 scriptis
915 1905 1107 1953 memoria,
1140 1905 1242 1944 inter
1263 1920 1351 1958 quae
1379 1905 1480 1944 illud
1508 1923 1755 1956 σχνγμνιπςες

446 1982 546 2016 zaga
560 1965 732 2017 ψαιςοντες
751 1965 798 2001 ab
818 1964 1003 2002 Erotiano
1021 1964 1191 2012 citatum,
1222 1964 1326 2017 quod
1337 1966 1459 2016 pulsus
1477 1966 1530 2002 ad
1544 1979 1684 2002 manum
1701 1977 1758 2002 ae.-

445 2029 629 2070 celerantes
661 2027 775 2079 vertit
795 2028 1015 2070 Germanus
1044 2026 1244 2078 interpres,
1276 2026 1424 2076 Calvus
1457 2041 1550 2065 vero
1583 2042 1759 2065 venarum

437 2089 560 2140 pulsus
590 2089 688 2135 lenes,
718 2087 782 2125 alii
805 2091 928 2141 pulsus
962 2099 1029 2142 per
1048 2089 1243 2126 inter-valla
1272 2099 1304 2125 et
1318 2087 1534 2125 imbecilliter
1552 2089 1756 2139 pulsantes:

446 2161 612 2198 quarum
624 2148 809 2198 postrema
827 2150 949 2188 verfio
963 2149 1109 2200 placuit
1128 2149 1263 2186 Barth.
1279 2147 1506 2187 Eustachio:
1528 2146 1645 2186 Conf.
1666 2147 1757 2198 ejus-

418 2210 427 2256 ξ
446 2207 532 2246 dem
550 2205 728 2257 Onomast.
750 2211 927 2247 Eroriani
937 2225 946 2248 ς
978 2210 1106 2247 Locus
1127 2207 1373 2259 Hippocratis
1390 2207 1508 2245 exstat
1530 2206 1569 2244 in
1585 2207 1683 2244 libro
1697 2208 1759 2244 De

447 2268 586 2306 Morbfs
599 2270 693 2306 Mal.
714 2270 864 2308 Verum
884 2271 929 2312 de
945 2271 1058 2321 pulsu
1078 2267 1364 2308 observationes
1385 2266 1550 2305 maxime
1570 2266 1608 2304 in
1621 2266 1757 2317 Epide·

446 2325 554 2364 micis
579 2327 758 2376 prostant,
790 2328 912 2367 veluti
931 2329 971 2368 in
992 2330 1105 2381 Epid.
1126 2330 1308 2371 II.-.-Ct,ci
1326 2341 1420 2365 vena
1451 2329 1486 2363 in
1519 2326 1629 2363 cubiti
1647 2326 1754 2371 flexu

446 2387 660 2437 conſjvz‘cuam
678 2386 783 2424 habet
791 2390 1033 2439 pulsationem,
1052 2388 1277 2440 ficribundtcs
1295 2390 1330 2423 in
1349 2385 1509 2439 qcerbam
1531 2386 1755 2423 iracundiam

437 2454 593 2497 praeccps
622 2445 679 2493 ist,
720 2445 835 2496 juxta
866 2449 967 2487 Foes.
1003 2448 1122 2486 Conf.
1153 2451 1188 2483 in
1216 2449 1350 2485 AEcon.
1391 2445 1580 2496 Hippocr.
1616 2458 1751 2486 vocem

445 2510 623 2559 Σφυγμοςς
652 2503 743 2547 item
763 2506 887 2543 rursus
906 2507 946 2545 in
963 2508 1094 2546 eodem
1118 2505 1228 2552 libro,
1257 2515 1294 2543 et
1312 2505 1352 2543 in
1368 2505 1441 2543 IV.
1470 2503 1579 2555 Epid.
1610 2505 1653 2542 In
1664 2518 1768 2556 gras

444 2564 586 2612 viffimis
608 2562 773 2612 fibi-ibus
803 2567 924 2617 ,ὑπ-ἶβις
951 2583 1168 2612 mmmm-os,
1213 2583 1269 2602 και
1303 2582 1447 2614 μεγιςοι,
1485 2564 1667 2610 celerrimi,
1718 2573 1751 2600 et

445 2617 596 2660 maximi
611 2637 621 2668 ;
655 2631 691 2659 et
713 2624 837 2661 rursus
857 2624 1009 2674 ibidem,
1030 2625 1158 2677 pulsus
1177 2624 1343 2675 τςομωδες,
1365 2625 1542 2674 καιιωθροι,
1555 2622 1683 2674 pulsus
1696 2621 1752 2665 vi„

445 2678 594 2730 delicet,
614 2686 764 2739 tremuli,
789 2694 827 2722 et
845 2687 946 2724 tardi
963 2694 1244 2725 memorantur:
1278 2684 1398 2724 Extat
1413 2683 1525 2724 etiam
1545 2684 1584 2722 in
1599 2681 1749 2735 Coaeis,

1656 2752 1750 2806 ‘et
