1932 3319
447 277 536 339 155
672 275 789 325 DE
843 251 1482 327 V1T.PER10i)s

437 407 680 457 omotonia
728 410 867 456 effer:
938 425 1081 472 quare
1126 425 1201 456 eas
1247 409 1394 457 febres
1440 411 1729 476 quotidianae

437 484 668 531 continuae
707 482 912 546 periodis
956 483 1159 530 constare
1204 483 1512 532 verosimilius
1546 485 1625 542 est,
1664 485 1731 532 ita

435 568 592 604 tamen
617 559 735 603 inter
758 557 800 602 se
827 557 1078 619 copulatis,
1116 569 1167 603 ut
1193 556 1359 603 nullibi
1379 556 1628 606 intermiffa
1645 574 1726 605 ea-

434 647 538 679 rum
557 631 841 679 continuitas
866 631 1050 694 perstet.
1123 634 1245 695 Qae
1270 632 1329 677 de
1367 629 1569 679 febrium
1592 648 1727 680 com-

433 706 643 752 mistione
663 705 780 752 inter
797 705 855 761 se,
877 704 1170 762 succeffione,
1191 718 1236 752 et
1254 705 1456 768 periodis
1472 706 1726 752 universim

433 780 557 826 dicta
582 780 686 827 satis
711 780 825 827 sint:
875 796 928 825 ea
953 796 1172 843 namque,
1198 796 1304 843 quae
1325 781 1379 827 ad
1408 779 1726 827 consimilium

431 857 735 919 periodorum
760 856 948 912 cauffas,
975 856 1135 903 saltem
1152 872 1263 902 vero
1283 856 1546 920 propiores,
1580 854 1725 920 perti-

433 945 562 986 nent,
607 931 652 976 in
678 930 935 976 secundum
958 930 1135 975 librum
1159 930 1423 992 rejecimus.

817 1128 857 1179 C
928 1130 976 1179 A
1044 1131 1104 1177 P.
1240 1131 1333 1178 ΙΙΙ.

428 1280 499 1327 De
535 1282 690 1334 Statis‚
737 1287 779 1324 et
811 1281 1006 1340 propriis
1051 1296 1406 1343 quorumcunque
1444 1280 1721 1337 Morborum,

493 1357 570 1416 qui
605 1370 698 1400 cum
742 1353 1018 1409 Morbifico,
1056 1355 1124 1414 stc
1146 1355 1273 1410 disto,
1323 1354 1578 1417 Principio,
1611 1357 1722 1416 jun-

488 1438 672 1492 guntur,
698 1426 914 1482 periodis,
954 1438 995 1472 et
1010 1439 1223 1487 perpetua
1242 1431 1286 1472 in
1301 1428 1369 1472 his
1391 1429 1721 1488 Hz'ppocratico-

490 1518 588 1549 rum
617 1502 888 1549 circuituum
910 1503 1120 1547 Veritate.

430 1658 471 1689 Ι.
498 1643 548 1676 Γ
644 1640 977 1696 ΑΜΕΤΞΙ,
1022 1656 1128 1703 quae
1170 1639 1391 1703 superiori
1422 1641 1575 1705 capite
1599 1641 1720 1688 dixi-

669 1730 794 1772 mus,
852 1729 963 1759 cum
1006 1713 1196 1758 cunfros
1239 1713 1487 1759 univerfim
1528 1715 1719 1761 morbos

422 1789 812 1849 complectantur,
845 1786 949 1833 satis
966 1802 1158 1850 quoque
1183 1787 1316 1832 statas
1340 1787 1643 1849 periodorum
1669 1788 1716 1836 in

420 1860 598 1908 morbis
621 1861 843 1906 omnibus
881 1860 1178 1906 succeffiones
1216 1860 1419 1907 adserere
1452 1861 1716 1919 videantur,

418 1934 601 1997 praestat
641 1946 801 1980 tamen
844 1933 1010 1979 iterum
1045 1946 1376 1995 argumentum
1401 1933 1570 1996 partite
1604 1951 1715 1996 pro—

418 2011 576 2074 sequi:
619 2024 720 2056 tum
754 2009 883 2073 quod
925 2008 1169 2054 diuturnos
1210 2008 1395 2071 proprie
1433 2009 1622 2056 morbos
1656 2008 1714 2055 ab

420 2102 474 2132 ea
497 2085 804 2149 periodorum
829 2085 949 2147 lege,
992 2084 1301 2130 Medicorum
1321 2085 1457 2130 multi
1483 2083 1706 2139 eximant,

416 2173 520 2206 tum
544 2159 673 2223 quod
696 2158 839 2204 etiam
867 2157 1052 2204 criticos
1078 2157 1260 2203 dierum
1288 2157 1529 2213 circuitus,
1570 2155 1710 2219 etju-

417 2234 542 2281 dicia
562 2234 609 2279 in
634 2233 689 2279 iis
716 2232 892 2280 morbis
915 2230 1008 2279 fere
1032 2230 1258 2287 recusant,
1290 2247 1406 2294 quos
1416 2230 1510 2290 stne
1525 2233 1711 2277 materia

419 2308 676 2370 appellant.

486 2465 531 2498 2.
571 2451 761 2498 Censuit
802 2452 942 2499 etiam
989 2451 1192 2498 Sthalius
1232 2450 1381 2497 nullas
1417 2450 1706 2503 internorum

420 2525 643 2574 viscerum
659 2526 842 2590 undique
865 2528 1174 2588 conclzfforum¹
1202 2525 1591 2572 infiammationes
1617 2523 1703 2571 cri-

772 2711 788 2751 }
818 2709 962 2760 Disput.
990 2712 1031 2750 de
1047 2713 1167 2763 Acrff.
1187 2715 1222 2750 in
1236 2712 1341 2750 Febr.

1581 2765 1704 2817 sibus
