1932 3319
518 234 576 282 16
746 230 863 282 DE
919 232 1543 284 VIT.PERIOD.

510 352 680 402 tiffimo
714 351 974 400 Medicinae
1017 353 1197 408 codice,
1248 354 1507 402 describere
1562 353 1804 420 praecipue

507 425 658 474 visum
685 427 766 483 est,
805 428 962 491 aliqua
995 428 1055 475 de
1091 428 1184 475 illis
1227 428 1274 475 in
1299 429 1565 476 universum
1598 427 1798 493 praefari,

509 499 648 548 nimis
671 499 855 548 dudum
878 513 1044 548 vexata
1073 517 1239 550 eorum
1265 502 1510 551 auffimritas
1541 503 1754 567 postulat.

911 752 951 797 C
1020 753 1069 799 A
1138 753 1195 799 P.
1311 753 1400 800 IV.

621 899 696 945 De
731 898 1070 960 Epidemicorum
1107 899 1342 947 Librorum
1381 890 1679 947 Auctoritate.

476 1069 516 1099 1.
681 1056 730 1101 X
754 1053 1042 1116 Epidemiwn
1066 1055 1195 1102 libris
1215 1056 1408 1120 septem,
1454 1072 1658 1119 quorum
1677 1055 1796 1103 inter

704 1125 1010 1187 Hippocratis
1027 1143 1183 1189 opera,
1205 1129 1616 1175 vetustiffimorum
1632 1144 1797 1176 exem-

500 1197 706 1262 plarium
744 1199 948 1246 recenfio
985 1214 1127 1256 extat,
1168 1201 1376 1266 primum
1402 1215 1449 1248 et
1474 1202 1664 1249 tertium
1687 1219 1800 1266 pro-

500 1273 599 1337 prie
625 1273 683 1318 ad
710 1273 1062 1338 Hippocratem
1100 1274 1345 1337 pertinere,
1385 1289 1576 1322 caeteros
1598 1276 1798 1323 omnino

500 1362 666 1408 parum
692 1347 935 1409 genuinOS,
972 1347 1115 1409 longe
1140 1347 1200 1394 ab
1236 1347 1547 1410 Hippocratis
1574 1346 1798 1410 sapientia

499 1419 668 1475 abeffe,
704 1434 912 1467 veterem
937 1436 963 1465 a
988 1420 1290 1485 Galeni'aevo
1331 1420 1621 1483 opinionem,
1663 1421 1800 1468 novis

500 1491 873 1540 dubitationibus
905 1492 1210 1557 subsequente
1243 1505 1378 1541 aetate
1403 1493 1530 1540 auxit
1556 1493 1798 1543 Marfilius

502 1565 756 1628 Cagnatus.
802 1568 1057 1629 Corruptos
1086 1567 1310 1630 siquidem
1332 1581 1555 1631 perpetuo
1572 1568 1617 1614 in
1634 1583 1798 1615 eorum

498 1639 733 1703 plerisque
760 1655 910 1687 textus
937 1642 986 1696 ii,
1027 1642 1196 1704 quibus
1224 1642 1438 1688 comunis
1477 1658 1584 1688 cum
1611 1642 1795 1690 Galeno

500 1711 722 1759 sententia
764 1714 842 1770 est,
886 1730 970 1760 nec
1012 1728 1135 1760 certe
1171 1715 1310 1760 valde
1336 1713 1518 1777 injuria,
1561 1714 1788 1772 incusant,

498 1785 759 1847 promiscua
780 1787 997 1849 plurima,
1027 1787 1397 1851 indigestamque
1413 1804 1564 1834 rerum
1590 1788 1793 1844 molern3

498 1862 677 1907 monita
699 1861 812 1908 item
841 1862 1023 1908 medica
1047 1878 1140 1908 non
1187 1862 1291 1909 satis
1337 1877 1464 1918 vera,
1500 1861 1793 1926 imperfeaestas

497 1937 770 1983 morborum
796 1936 1021 1992 historias,
1071 1937 1190 2000 saepe
1216 1937 1355 1984 etiam
1377 1937 1557 2001 ingrata
1581 1937 1791 2001 repetiti-

498 2025 586 2054 one
612 2010 829 2057 mendose
856 2009 1163 2072 interpofitas,
1222 2027 1478 2074 earumque
1525 2010 1635 2057 alias
1659 2023 1791 2058 tene-

497 2083 710 2140 bricosas,
760 2098 807 2130 et
841 2084 1027 2147 OEdipo
1062 2084 1370 2144 dignissimas,
1410 2083 1618 2148 allasque
1641 2084 1791 2132 rursus

497 2158 638 2214 leves,
666 2159 898 2222 insipidas,
926 2173 971 2206 et
990 2159 1336 2224 penejoeosas:
1363 2173 1587 2224 praeterea
1606 2173 1787 2206 contra-

498 2234 705 2280 dicentes
732 2249 883 2282 textus
909 2251 1186 2291 memorant,
1230 2237 1414 2300 aliaque
1451 2234 1634 2299 insuper
1658 2235 1704 2282 in
1732 2237 1787 2284 iis

495 2308 856 2369 reprehendunt,
883 2327 990 2373 quae
1013 2311 1093 2356 vix
1119 2308 1429 2373 Hippocratis
1456 2322 1644 2356 aetatem
1670 2309 1789 2357 affe-

499 2380 604 2426 ciffe
631 2382 897 2430 creduntur.
957 2383 1198 2431 Consensit
1244 2398 1392 2445 nuper
1438 2398 1547 2429 cum
1595 2383 1785 2430 Galeno

497 2453 776 2507 Freindius3
819 2453 1005 2519 ejusque
1021 2454 1221 2520 judicio,
1248 2469 1301 2501 ut
1334 2455 1538 2511 videtur,
1578 2456 1782 2518 permoti

499 2527 572 2580 alii
628 2544 744 2590 pene
800 2529 1011 2590 plurimi,
1072 2530 1154 2593 qui
1196 2530 1410 2594 proxime
1471 2531 1631 2594 elapfis
1701 2546 1785 2576 an·-

1713 2620 1785 2651 ms
