<?xml version="1.0" encoding="UTF-8"?>
<!DOCTYPE html PUBLIC "-//W3C//DTD XHTML 1.0 Transitional//EN"
    "http://www.w3.org/TR/xhtml1/DTD/xhtml1-transitional.dtd">
<html xmlns="http://www.w3.org/1999/xhtml" xml:lang="en" lang="en">
 <head>
  <title>
</title>
<meta http-equiv="Content-Type" content="text/html;charset=utf-8" />
  <meta name='ocr-system' content='tesseract 3.04.00' />
  <meta name='ocr-capabilities' content='ocr_page ocr_carea ocr_par ocr_line ocrx_word'/>
</head>
<body>
  <div class='ocr_page' id='page_1' title='image "./devitalibusperio01testuoft_0207.png"; bbox 0 0 1932 3319; ppageno 0'>
   <div class='ocr_carea' id='block_1_1' title="bbox 377 257 1429 321">
    <p class='ocr_par' dir='ltr' id='par_1_1' title="bbox 377 257 1429 321">
     <span class='ocr_line' id='line_1_1' title="bbox 377 257 1429 321; baseline -0.01 -6"><span class='ocrx_word' id='word_1_1' title='bbox 377 261 744 316; x_wconf 53' lang='lat' dir='ltr'>AEGRoT÷</span> <span class='ocrx_word' id='word_1_2' title='bbox 802 257 917 306; x_wconf 82' lang='lat' dir='ltr'>ET</span> <span class='ocrx_word' id='word_1_3' title='bbox 977 257 1172 303; x_wconf 67' lang='grc' dir='ltr'><strong>ΒΑΝ.</strong></span> <span class='ocrx_word' id='word_1_4' title='bbox 1340 271 1429 321; x_wconf 74' lang='lat'>145</span> 
     </span>
    </p>
   </div>
   <div class='ocr_carea' id='block_1_2' title="bbox 548 456 1033 508">
    <p class='ocr_par' dir='ltr' id='par_1_2' title="bbox 548 456 1033 508">
     <span class='ocr_line' id='line_1_2' title="bbox 548 456 1033 508; baseline -0.01 0"><span class='ocrx_word' id='word_1_5' title='bbox 548 462 588 508; x_wconf 94' lang='lat' dir='ltr'>C</span> <span class='ocrx_word' id='word_1_6' title='bbox 657 462 705 507; x_wconf 89' lang='lat' dir='ltr'>A</span> <span class='ocrx_word' id='word_1_7' title='bbox 772 459 829 506; x_wconf 90' lang='lat' dir='ltr'>P.</span> <span class='ocrx_word' id='word_1_8' title='bbox 965 456 1033 504; x_wconf 86' lang='grc' dir='ltr'>ΙΙ.</span> 
     </span>
    </p>
   </div>
   <div class='ocr_carea' id='block_1_3' title="bbox 147 593 1433 737">
    <p class='ocr_par' dir='ltr' id='par_1_3' title="bbox 147 593 1433 737">
     <span class='ocr_line' id='line_1_3' title="bbox 147 593 1433 665; baseline -0.011 -13"><span class='ocrx_word' id='word_1_9' title='bbox 147 604 218 652; x_wconf 81' lang='lat' dir='ltr'>De</span> <span class='ocrx_word' id='word_1_10' title='bbox 244 602 571 665; x_wconf 59' lang='lat' dir='ltr'>Unimffsalibus</span> <span class='ocrx_word' id='word_1_11' title='bbox 603 601 794 663; x_wconf 66' lang='lat' dir='ltr'>cujzffque</span> <span class='ocrx_word' id='word_1_12' title='bbox 826 597 981 645; x_wconf 82' lang='lat' dir='ltr'><em>Morbi</em></span> <span class='ocrx_word' id='word_1_13' title='bbox 1003 593 1219 650; x_wconf 82' lang='lat' dir='ltr'>Periodis‚</span> <span class='ocrx_word' id='word_1_14' title='bbox 1261 606 1433 639; x_wconf 81' lang='lat' dir='ltr'>earum-</span> 
     </span>
     <span class='ocr_line' id='line_1_4' title="bbox 565 673 1080 737; baseline -0.008 -15"><span class='ocrx_word' id='word_1_15' title='bbox 565 691 644 737; x_wconf 83' lang='lat' dir='ltr'>que</span> <span class='ocrx_word' id='word_1_16' title='bbox 667 677 780 720; x_wconf 84' lang='lat' dir='ltr'>inter</span> <span class='ocrx_word' id='word_1_17' title='bbox 786 674 840 735; x_wconf 79' lang='lat' dir='ltr'>se</span> <span class='ocrx_word' id='word_1_18' title='bbox 866 673 950 718; x_wconf 75' lang='lat' dir='ltr'>Con</span> <span class='ocrx_word' id='word_1_19' title='bbox 969 687 1014 716; x_wconf 75' lang='lat' dir='ltr'>en</span> <span class='ocrx_word' id='word_1_20' title='bbox 1035 687 1080 718; x_wconf 76' lang='lat' dir='ltr'>a.</span> 
     </span>
    </p>
   </div>
   <div class='ocr_carea' id='block_1_4' title="bbox 143 807 1436 1173">
    <p class='ocr_par' dir='ltr' id='par_1_4' title="bbox 147 807 1434 873">
     <span class='ocr_line' id='line_1_5' title="bbox 147 807 1434 873; baseline -0.009 -10"><span class='ocrx_word' id='word_1_21' title='bbox 147 831 195 863; x_wconf 86' lang='lat'>1.</span> <span class='ocrx_word' id='word_1_22' title='bbox 377 812 784 861; x_wconf 78' lang='lat' dir='ltr'><strong>ORBORUM</strong></span> <span class='ocrx_word' id='word_1_23' title='bbox 834 823 1045 873; x_wconf 86' lang='lat' dir='ltr'>tempora</span> <span class='ocrx_word' id='word_1_24' title='bbox 1087 807 1175 854; x_wconf 85' lang='lat' dir='ltr'>alia</span> <span class='ocrx_word' id='word_1_25' title='bbox 1221 807 1277 852; x_wconf 86' lang='lat' dir='ltr'>ad</span> <span class='ocrx_word' id='word_1_26' title='bbox 1313 807 1434 853; x_wconf 90' lang='lat' dir='ltr'>inte-</span> 
     </span>
    </p>

    <p class='ocr_par' dir='ltr' id='par_1_5' title="bbox 143 881 1436 1173">
     <span class='ocr_line' id='line_1_6' title="bbox 411 881 1436 949; baseline -0.008 -15"><span class='ocrx_word' id='word_1_27' title='bbox 411 902 545 949; x_wconf 83' lang='lat' dir='ltr'>gram</span> <span class='ocrx_word' id='word_1_28' title='bbox 584 884 873 947; x_wconf 80' lang='lat' dir='ltr'>aegritudinis</span> <span class='ocrx_word' id='word_1_29' title='bbox 911 882 1156 946; x_wconf 86' lang='lat' dir='ltr'>periodum</span> <span class='ocrx_word' id='word_1_30' title='bbox 1181 881 1436 944; x_wconf 74' lang='lat' dir='ltr'>pertinent,</span> 
     </span>
     <span class='ocr_line' id='line_1_7' title="bbox 143 956 1434 1023; baseline -0.005 -16"><span class='ocrx_word' id='word_1_31' title='bbox 143 956 244 1008; x_wconf 66' lang='lat' dir='ltr'>alia*</span> <span class='ocrx_word' id='word_1_32' title='bbox 260 975 370 1005; x_wconf 89' lang='lat' dir='ltr'>vero</span> <span class='ocrx_word' id='word_1_33' title='bbox 405 961 462 1006; x_wconf 85' lang='lat' dir='ltr'>ad</span> <span class='ocrx_word' id='word_1_34' title='bbox 484 960 730 1023; x_wconf 72' lang='lat' dir='ltr'>singulares</span> <span class='ocrx_word' id='word_1_35' title='bbox 749 958 1118 1020; x_wconf 83' lang='lat' dir='ltr'>paroxismorum</span> <span class='ocrx_word' id='word_1_36' title='bbox 1145 959 1434 1018; x_wconf 81' lang='lat' dir='ltr'>accefliones,</span> 
     </span>
     <span class='ocr_line' id='line_1_8' title="bbox 143 1033 1436 1100; baseline -0.002 -18"><span class='ocrx_word' id='word_1_37' title='bbox 143 1033 319 1100; x_wconf 89' lang='lat' dir='ltr'>quibus</span> <span class='ocrx_word' id='word_1_38' title='bbox 353 1033 537 1098; x_wconf 83' lang='lat' dir='ltr'><strong>integer</strong></span> <span class='ocrx_word' id='word_1_39' title='bbox 562 1036 757 1081; x_wconf 83' lang='lat' dir='ltr'>morbus</span> <span class='ocrx_word' id='word_1_40' title='bbox 784 1033 978 1088; x_wconf 78' lang='lat' dir='ltr'>constat,</span> <span class='ocrx_word' id='word_1_41' title='bbox 1012 1045 1255 1094; x_wconf 84' lang='lat' dir='ltr'>tamquam</span> <span class='ocrx_word' id='word_1_42' title='bbox 1279 1045 1436 1080; x_wconf 83' lang='lat' dir='ltr'>totum</span> 
     </span>
     <span class='ocr_line' id='line_1_9' title="bbox 144 1105 1309 1173; baseline -0.003 -18"><span class='ocrx_word' id='word_1_43' title='bbox 144 1108 221 1158; x_wconf 86' lang='lat' dir='ltr'>sua</span> <span class='ocrx_word' id='word_1_44' title='bbox 243 1121 393 1173; x_wconf 88' lang='lat' dir='ltr'>parte.</span> <span class='ocrx_word' id='word_1_45' title='bbox 467 1109 685 1170; x_wconf 89' lang='lat' dir='ltr'>Utraque</span> <span class='ocrx_word' id='word_1_46' title='bbox 706 1108 752 1153; x_wconf 86' lang='lat' dir='ltr'>in</span> <span class='ocrx_word' id='word_1_47' title='bbox 776 1108 899 1155; x_wconf 91' lang='lat' dir='ltr'>hunc</span> <span class='ocrx_word' id='word_1_48' title='bbox 920 1107 1081 1153; x_wconf 88' lang='lat' dir='ltr'>locum</span> <span class='ocrx_word' id='word_1_49' title='bbox 1120 1105 1309 1152; x_wconf 88' lang='lat' dir='ltr'>cadunt.</span> 
     </span>
    </p>
   </div>
   <div class='ocr_carea' id='block_1_5' title="bbox 144 1239 1440 2202">
    <p class='ocr_par' dir='ltr' id='par_1_6' title="bbox 144 1239 1440 2202">
     <span class='ocr_line' id='line_1_10' title="bbox 214 1239 1434 1310; baseline -0.002 -17"><span class='ocrx_word' id='word_1_50' title='bbox 214 1261 257 1294; x_wconf 88' lang='lat'>2.</span> <span class='ocrx_word' id='word_1_51' title='bbox 301 1247 366 1293; x_wconf 89' lang='lat' dir='ltr'>Et</span> <span class='ocrx_word' id='word_1_52' title='bbox 411 1246 619 1310; x_wconf 88' lang='lat' dir='ltr'>primum</span> <span class='ocrx_word' id='word_1_53' title='bbox 660 1246 852 1310; x_wconf 83' lang='lat' dir='ltr'>quidem</span> <span class='ocrx_word' id='word_1_54' title='bbox 890 1246 1019 1309; x_wconf 89' lang='lat' dir='ltr'>quod</span> <span class='ocrx_word' id='word_1_55' title='bbox 1066 1244 1232 1307; x_wconf 83' lang='lat' dir='ltr'><strong>integri</strong></span> <span class='ocrx_word' id='word_1_56' title='bbox 1278 1239 1434 1292; x_wconf 87' lang='lat' dir='ltr'>morbi</span> 
     </span>
     <span class='ocr_line' id='line_1_11' title="bbox 144 1319 1436 1387; baseline -0.005 -17"><span class='ocrx_word' id='word_1_57' title='bbox 144 1334 361 1387; x_wconf 87' lang='lat' dir='ltr'>tempora</span> <span class='ocrx_word' id='word_1_58' title='bbox 385 1320 569 1379; x_wconf 83' lang='lat' dir='ltr'>attinet,</span> <span class='ocrx_word' id='word_1_59' title='bbox 603 1319 831 1384; x_wconf 89' lang='lat' dir='ltr'>plerisque</span> <span class='ocrx_word' id='word_1_60' title='bbox 872 1320 930 1366; x_wconf 92' lang='lat' dir='ltr'>de</span> <span class='ocrx_word' id='word_1_61' title='bbox 956 1323 1029 1367; x_wconf 90' lang='lat' dir='ltr'>Re</span> <span class='ocrx_word' id='word_1_62' title='bbox 1055 1319 1252 1366; x_wconf 89' lang='lat' dir='ltr'>Medica</span> <span class='ocrx_word' id='word_1_63' title='bbox 1290 1319 1436 1381; x_wconf 86' lang='lat' dir='ltr'>scrip-</span> 
     </span>
     <span class='ocr_line' id='line_1_12' title="bbox 144 1394 1439 1459; baseline -0.002 -15"><span class='ocrx_word' id='word_1_64' title='bbox 144 1397 322 1444; x_wconf 85' lang='lat' dir='ltr'>toribus</span> <span class='ocrx_word' id='word_1_65' title='bbox 334 1408 574 1459; x_wconf 86' lang='lat' dir='ltr'>quattuor,</span> <span class='ocrx_word' id='word_1_66' title='bbox 586 1395 686 1440; x_wconf 88' lang='lat' dir='ltr'>aliis</span> <span class='ocrx_word' id='word_1_67' title='bbox 703 1397 927 1458; x_wconf 90' lang='lat' dir='ltr'>quinque,</span> <span class='ocrx_word' id='word_1_68' title='bbox 942 1394 1176 1442; x_wconf 83' lang='lat' dir='ltr'>nonnullis</span> <span class='ocrx_word' id='word_1_69' title='bbox 1193 1394 1439 1441; x_wconf 80' lang='lat' dir='ltr'>dumtaxat</span> 
     </span>
     <span class='ocr_line' id='line_1_13' title="bbox 145 1468 1438 1533; baseline -0.001 -15"><span class='ocrx_word' id='word_1_70' title='bbox 145 1472 232 1518; x_wconf 88' lang='lat' dir='ltr'>tria</span> <span class='ocrx_word' id='word_1_71' title='bbox 269 1469 529 1516; x_wconf 84' lang='lat' dir='ltr'>censentur.</span> <span class='ocrx_word' id='word_1_72' title='bbox 599 1468 675 1515; x_wconf 89' lang='lat' dir='ltr'>Illi</span> <span class='ocrx_word' id='word_1_73' title='bbox 711 1470 904 1532; x_wconf 89' lang='lat' dir='ltr'>quidem</span> <span class='ocrx_word' id='word_1_74' title='bbox 944 1470 1247 1533; x_wconf 86' lang='lat' dir='ltr'>principium,</span> <span class='ocrx_word' id='word_1_75' title='bbox 1285 1471 1438 1517; x_wconf 89' lang='lat' dir='ltr'>incre-</span> 
     </span>
     <span class='ocr_line' id='line_1_14' title="bbox 145 1543 1439 1609; baseline -0.001 -15"><span class='ocrx_word' id='word_1_76' title='bbox 145 1558 378 1600; x_wconf 85' lang='lat' dir='ltr'>mentum,</span> <span class='ocrx_word' id='word_1_77' title='bbox 403 1544 620 1607; x_wconf 84' lang='lat' dir='ltr'>vigorem</span> <span class='ocrx_word' id='word_1_78' title='bbox 646 1543 722 1590; x_wconf 88' lang='lat' dir='ltr'>seu</span> <span class='ocrx_word' id='word_1_79' title='bbox 760 1544 946 1600; x_wconf 87' lang='lat' dir='ltr'>statum,</span> <span class='ocrx_word' id='word_1_80' title='bbox 981 1559 1028 1592; x_wconf 91' lang='lat' dir='ltr'>et</span> <span class='ocrx_word' id='word_1_81' title='bbox 1065 1547 1224 1601; x_wconf 84' lang='lat' dir='ltr'>finem,</span> <span class='ocrx_word' id='word_1_82' title='bbox 1264 1546 1439 1609; x_wconf 87' lang='lat' dir='ltr'>quibus</span> 
     </span>
     <span class='ocr_line' id='line_1_15' title="bbox 145 1619 1438 1684; baseline 0.001 -18"><span class='ocrx_word' id='word_1_83' title='bbox 145 1632 370 1684; x_wconf 89' lang='lat' dir='ltr'>quattuor</span> <span class='ocrx_word' id='word_1_84' title='bbox 406 1631 620 1666; x_wconf 87' lang='lat' dir='ltr'>accurate</span> <span class='ocrx_word' id='word_1_85' title='bbox 644 1619 822 1682; x_wconf 89' lang='lat' dir='ltr'>periodi</span> <span class='ocrx_word' id='word_1_86' title='bbox 849 1619 1072 1676; x_wconf 83' lang='lat' dir='ltr'>constant,</span> <span class='ocrx_word' id='word_1_87' title='bbox 1112 1620 1401 1667; x_wconf 73' lang='lat' dir='ltr'>considerant</span> <span class='ocrx_word' id='word_1_88' title='bbox 1422 1638 1438 1667; x_wconf 69' lang='grc' dir='ltr'><strong><em>ι</em></strong></span> 
     </span>
     <span class='ocr_line' id='line_1_16' title="bbox 146 1690 1436 1758; baseline 0.001 -16"><span class='ocrx_word' id='word_1_89' title='bbox 146 1694 264 1743; x_wconf 89' lang='lat' dir='ltr'>inter</span> <span class='ocrx_word' id='word_1_90' title='bbox 286 1690 503 1756; x_wconf 83' lang='lat' dir='ltr'>vigorem</span> <span class='ocrx_word' id='word_1_91' title='bbox 529 1707 575 1740; x_wconf 88' lang='lat' dir='ltr'>et</span> <span class='ocrx_word' id='word_1_92' title='bbox 613 1694 772 1750; x_wconf 82' lang='lat' dir='ltr'>finem,</span> <span class='ocrx_word' id='word_1_93' title='bbox 815 1695 1024 1741; x_wconf 84' lang='lat' dir='ltr'>medium</span> <span class='ocrx_word' id='word_1_94' title='bbox 1072 1696 1327 1758; x_wconf 86' lang='lat' dir='ltr'>quemdam</span> <span class='ocrx_word' id='word_1_95' title='bbox 1361 1713 1436 1743; x_wconf 87' lang='lat' dir='ltr'>re-</span> 
     </span>
     <span class='ocr_line' id='line_1_17' title="bbox 146 1767 1437 1833; baseline 0.002 -19"><span class='ocrx_word' id='word_1_96' title='bbox 146 1767 368 1814; x_wconf 85' lang='lat' dir='ltr'>miffionis</span> <span class='ocrx_word' id='word_1_97' title='bbox 393 1767 648 1815; x_wconf 88' lang='lat' dir='ltr'>terminum</span> <span class='ocrx_word' id='word_1_98' title='bbox 675 1767 922 1830; x_wconf 88' lang='lat' dir='ltr'>posuerunt</span> <span class='ocrx_word' id='word_1_99' title='bbox 940 1767 1049 1815; x_wconf 89' lang='lat' dir='ltr'>alii:</span> <span class='ocrx_word' id='word_1_100' title='bbox 1090 1769 1268 1817; x_wconf 85' lang='lat' dir='ltr'>Rursus</span> <span class='ocrx_word' id='word_1_101' title='bbox 1305 1771 1437 1833; x_wconf 89' lang='lat' dir='ltr'>prin-</span> 
     </span>
     <span class='ocr_line' id='line_1_18' title="bbox 147 1839 1437 1903; baseline 0.003 -17"><span class='ocrx_word' id='word_1_102' title='bbox 147 1839 274 1903; x_wconf 87' lang='lat' dir='ltr'>cipio</span> <span class='ocrx_word' id='word_1_103' title='bbox 304 1852 350 1885; x_wconf 87' lang='lat' dir='ltr'>et</span> <span class='ocrx_word' id='word_1_104' title='bbox 373 1839 465 1886; x_wconf 89' lang='lat' dir='ltr'>fine</span> <span class='ocrx_word' id='word_1_105' title='bbox 490 1840 592 1886; x_wconf 88' lang='lat' dir='ltr'>aliis</span> <span class='ocrx_word' id='word_1_106' title='bbox 618 1840 973 1896; x_wconf 84' lang='lat' dir='ltr'>inconfiderato,</span> <span class='ocrx_word' id='word_1_107' title='bbox 1001 1842 1131 1903; x_wconf 88' lang='lat' dir='ltr'>quod</span> <span class='ocrx_word' id='word_1_108' title='bbox 1162 1841 1437 1890; x_wconf 76' lang='lat' dir='ltr'>indivisibili</span> 
     </span>
     <span class='ocr_line' id='line_1_19' title="bbox 148 1912 1438 1976; baseline 0.004 -16"><span class='ocrx_word' id='word_1_109' title='bbox 148 1912 296 1960; x_wconf 86' lang='lat' dir='ltr'>ferme</span> <span class='ocrx_word' id='word_1_110' title='bbox 321 1913 572 1976; x_wconf 83' lang='lat' dir='ltr'>obtingant</span> <span class='ocrx_word' id='word_1_111' title='bbox 596 1912 818 1976; x_wconf 88' lang='lat' dir='ltr'>temporis</span> <span class='ocrx_word' id='word_1_112' title='bbox 856 1914 1115 1970; x_wconf 85' lang='lat' dir='ltr'>intervallo,</span> <span class='ocrx_word' id='word_1_113' title='bbox 1156 1915 1322 1963; x_wconf 85' lang='lat' dir='ltr'>restant</span> <span class='ocrx_word' id='word_1_114' title='bbox 1362 1919 1438 1966; x_wconf 92' lang='lat' dir='ltr'>in-</span> 
     </span>
     <span class='ocr_line' id='line_1_20' title="bbox 149 1986 1437 2056; baseline 0.006 -22"><span class='ocrx_word' id='word_1_115' title='bbox 149 2001 462 2045; x_wconf 87' lang='lat' dir='ltr'>crementum,</span> <span class='ocrx_word' id='word_1_116' title='bbox 481 1986 636 2044; x_wconf 83' lang='lat' dir='ltr'>status,</span> <span class='ocrx_word' id='word_1_117' title='bbox 649 2004 792 2051; x_wconf 88' lang='lat' dir='ltr'>quem</span> <span class='ocrx_word' id='word_1_118' title='bbox 812 1989 951 2036; x_wconf 83' lang='lat' dir='ltr'>etiam</span> <span class='ocrx_word' id='word_1_119' title='bbox 963 1990 1437 2056; x_wconf 81' lang='lat' dir='ltr'>appellantApogeum,</span> 
     </span>
     <span class='ocr_line' id='line_1_21' title="bbox 151 2062 1439 2125; baseline 0.007 -16"><span class='ocrx_word' id='word_1_120' title='bbox 151 2075 200 2109; x_wconf 87' lang='lat' dir='ltr'>et</span> <span class='ocrx_word' id='word_1_121' title='bbox 224 2062 425 2109; x_wconf 76' lang='lat' dir='ltr'>remissio</span> <span class='ocrx_word' id='word_1_122' title='bbox 447 2080 458 2110; x_wconf 88' lang='lat'>:</span> <span class='ocrx_word' id='word_1_123' title='bbox 500 2079 701 2125; x_wconf 88' lang='lat' dir='ltr'>quarum</span> <span class='ocrx_word' id='word_1_124' title='bbox 740 2063 962 2110; x_wconf 81' lang='lat' dir='ltr'>ultimam</span> <span class='ocrx_word' id='word_1_125' title='bbox 989 2064 1128 2110; x_wconf 85' lang='lat' dir='ltr'>unice</span> <span class='ocrx_word' id='word_1_126' title='bbox 1168 2066 1225 2112; x_wconf 88' lang='lat' dir='ltr'>ad</span> <span class='ocrx_word' id='word_1_127' title='bbox 1249 2071 1439 2118; x_wconf 87' lang='lat' dir='ltr'>morbos</span> 
     </span>
     <span class='ocr_line' id='line_1_22' title="bbox 152 2135 1440 2202; baseline 0.005 -20"><span class='ocrx_word' id='word_1_128' title='bbox 152 2135 304 2200; x_wconf 88' lang='lat' dir='ltr'>quiin</span> <span class='ocrx_word' id='word_1_129' title='bbox 340 2135 556 2191; x_wconf 87' lang='lat' dir='ltr'>salutem,</span> <span class='ocrx_word' id='word_1_130' title='bbox 595 2135 808 2182; x_wconf 77' lang='lat' dir='ltr'>desinunt</span> <span class='ocrx_word' id='word_1_131' title='bbox 831 2137 1074 2199; x_wconf 85' lang='lat' dir='ltr'>pertinere,</span> <span class='ocrx_word' id='word_1_132' title='bbox 1118 2155 1269 2202; x_wconf 87' lang='lat' dir='ltr'>neque</span> <span class='ocrx_word' id='word_1_133' title='bbox 1295 2144 1440 2192; x_wconf 86' lang='lat' dir='ltr'>etiam</span> 
     </span>
    </p>
   </div>
   <div class='ocr_carea' id='block_1_6' title="bbox 152 2208 1441 2340">
    <p class='ocr_par' dir='ltr' id='par_1_7' title="bbox 152 2208 1441 2340">
     <span class='ocr_line' id='line_1_23' title="bbox 152 2208 1441 2272; baseline 0.005 -16"><span class='ocrx_word' id='word_1_134' title='bbox 152 2209 212 2256; x_wconf 86' lang='lat' dir='ltr'>ad</span> <span class='ocrx_word' id='word_1_135' title='bbox 236 2224 315 2255; x_wconf 86' lang='lat' dir='ltr'>eos</span> <span class='ocrx_word' id='word_1_136' title='bbox 348 2208 589 2272; x_wconf 81' lang='lat' dir='ltr'>respicere,</span> <span class='ocrx_word' id='word_1_137' title='bbox 616 2209 697 2272; x_wconf 88' lang='lat' dir='ltr'>qui</span> <span class='ocrx_word' id='word_1_138' title='bbox 722 2209 869 2256; x_wconf 84' lang='lat' dir='ltr'>subita</span> <span class='ocrx_word' id='word_1_139' title='bbox 905 2224 951 2258; x_wconf 88' lang='lat' dir='ltr'>et</span> <span class='ocrx_word' id='word_1_140' title='bbox 983 2212 1312 2262; x_wconf 83' lang='lat' dir='ltr'>absolutiffima</span> <span class='ocrx_word' id='word_1_141' title='bbox 1338 2215 1441 2263; x_wconf 72' lang='lat' dir='ltr'>crisi</span> 
     </span>
     <span class='ocr_line' id='line_1_24' title="bbox 152 2282 1382 2340; baseline 0.007 -9"><span class='ocrx_word' id='word_1_142' title='bbox 152 2282 392 2340; x_wconf 86' lang='lat' dir='ltr'>finiuntur,</span> <span class='ocrx_word' id='word_1_143' title='bbox 418 2282 708 2331; x_wconf 77' lang='lat' dir='ltr'>studiosiores</span> <span class='ocrx_word' id='word_1_144' title='bbox 733 2285 817 2331; x_wconf 80' lang='lat' dir='ltr'>hac</span> <span class='ocrx_word' id='word_1_145' title='bbox 844 2286 890 2332; x_wconf 90' lang='lat' dir='ltr'>in</span> <span class='ocrx_word' id='word_1_146' title='bbox 915 2303 962 2333; x_wconf 85' lang='lat' dir='ltr'>re</span> <span class='ocrx_word' id='word_1_147' title='bbox 987 2287 1382 2339; x_wconf 81' lang='lat' dir='ltr'>animadvertunt.</span> 
     </span>
    </p>
   </div>
   <div class='ocr_carea' id='block_1_7' title="bbox 156 2431 1440 2651">
    <p class='ocr_par' dir='ltr' id='par_1_8' title="bbox 156 2431 1440 2651">
     <span class='ocr_line' id='line_1_25' title="bbox 221 2431 1439 2504; baseline 0.01 -28"><span class='ocrx_word' id='word_1_148' title='bbox 221 2445 271 2493; x_wconf 80' lang='lat'>3.</span> <span class='ocrx_word' id='word_1_149' title='bbox 320 2431 570 2486; x_wconf 82' lang='lat' dir='ltr'>Praeterea,</span> <span class='ocrx_word' id='word_1_150' title='bbox 613 2450 705 2497; x_wconf 91' lang='lat' dir='ltr'>qua</span> <span class='ocrx_word' id='word_1_151' title='bbox 733 2434 906 2481; x_wconf 83' lang='lat' dir='ltr'>ratione</span> <span class='ocrx_word' id='word_1_152' title='bbox 933 2435 1057 2483; x_wconf 64' lang='lat' dir='ltr'>dicta</span> <span class='ocrx_word' id='word_1_153' title='bbox 1080 2437 1178 2486; x_wconf 85' lang='lat' dir='ltr'>haec</span> <span class='ocrx_word' id='word_1_154' title='bbox 1226 2450 1439 2504; x_wconf 76' lang='lat' dir='ltr'>tempora</span> 
     </span>
     <span class='ocr_line' id='line_1_26' title="bbox 156 2503 1440 2579; baseline 0.009 -25"><span class='ocrx_word' id='word_1_155' title='bbox 156 2503 245 2554; x_wconf 84' lang='lat' dir='ltr'>sese</span> <span class='ocrx_word' id='word_1_156' title='bbox 259 2507 510 2570; x_wconf 84' lang='lat' dir='ltr'>excipiant,</span> <span class='ocrx_word' id='word_1_157' title='bbox 526 2509 787 2557; x_wconf 86' lang='lat' dir='ltr'>videndum</span> <span class='ocrx_word' id='word_1_158' title='bbox 808 2511 886 2558; x_wconf 86' lang='lat' dir='ltr'>est.</span> <span class='ocrx_word' id='word_1_159' title='bbox 902 2513 1111 2563; x_wconf 85' lang='lat' dir='ltr'>Galenus</span> <span class='ocrx_word' id='word_1_160' title='bbox 1129 2516 1440 2579; x_wconf 71' lang='lat' dir='ltr'>morbos&#39;per-</span> 
     </span>
     <span class='ocr_line' id='line_1_27' title="bbox 157 2582 1439 2651; baseline 0.006 -25"><span class='ocrx_word' id='word_1_161' title='bbox 157 2592 300 2645; x_wconf 86' lang='lat' dir='ltr'>petuo</span> <span class='ocrx_word' id='word_1_162' title='bbox 324 2582 523 2629; x_wconf 88' lang='lat' dir='ltr'>crescere</span> <span class='ocrx_word' id='word_1_163' title='bbox 548 2582 738 2639; x_wconf 80' lang='lat' dir='ltr'>censuit,</span> <span class='ocrx_word' id='word_1_164' title='bbox 766 2584 1006 2648; x_wconf 77' lang='lat' dir='ltr'>quousque</span> <span class='ocrx_word' id='word_1_165' title='bbox 1022 2590 1227 2651; x_wconf 69' lang='lat' dir='ltr'>perfeHae</span> <span class='ocrx_word' id='word_1_166' title='bbox 1244 2593 1439 2638; x_wconf 59' lang='grc' dir='ltr'>εοέῖἱσηίς</span> 
     </span>
    </p>
   </div>
   <div class='ocr_carea' id='block_1_8' title="bbox 151 2655 1440 2784">
    <p class='ocr_par' dir='ltr' id='par_1_9' title="bbox 151 2655 1440 2784">
     <span class='ocr_line' id='line_1_28' title="bbox 151 2655 1440 2726; baseline 0.006 -24"><span class='ocrx_word' id='word_1_167' title='bbox 151 2655 288 2721; x_wconf 29' lang='grc' dir='ltr'><strong>,ἣςηα</strong></span> <span class='ocrx_word' id='word_1_168' title='bbox 312 2671 596 2723; x_wconf 83' lang='lat' dir='ltr'>apparerent,</span> <span class='ocrx_word' id='word_1_169' title='bbox 627 2659 795 2723; x_wconf 84' lang='lat' dir='ltr'>quibus</span> <span class='ocrx_word' id='word_1_170' title='bbox 843 2660 1178 2726; x_wconf 81' lang='lat' dir='ltr'>incipientibus</span> <span class='ocrx_word' id='word_1_171' title='bbox 1217 2666 1440 2713; x_wconf 79' lang='lat' dir='ltr'>morbum</span> 
     </span>
     <span class='ocr_line' id='line_1_29' title="bbox 780 2736 1440 2784; baseline 0 -1"><span class='ocrx_word' id='word_1_172' title='bbox 780 2736 827 2783; x_wconf 85' lang='lat' dir='ltr'>L</span> <span class='ocrx_word' id='word_1_173' title='bbox 1393 2739 1440 2784; x_wconf 88' lang='lat' dir='ltr'>in</span> 
     </span>
    </p>
   </div>
  </div>
 </body>
</html>
