1932 3319
468 307 535 358 32
696 295 814 345 DE
882 295 1530 346 v1T.P1÷:R1oD.

465 413 673 471 urbium,
711 431 827 478 quas
869 414 914 461 in
939 414 1234 478 Epidemicis
1266 430 1510 473 memorat,
1549 415 1762 464 conditio

461 488 540 546 est,
579 503 629 536 ut
648 490 812 536 eadem
848 490 1074 553 perstante
1099 491 1249 537 morbi
1283 491 1627 549 constitutione,
1658 492 1750 539 fin-

461 565 600 628 gulos
636 564 794 611 adiisse
834 579 1133 629 aegrotantes,
1160 565 1526 629 longiffimisque
1557 565 1604 612 in
1629 579 1787 614 mor-'

464 638 554 695 bis,
579 640 741 702 quales
767 641 814 685 in
835 641 974 687 Pario
999 640 1256 697 Thafiensi,
1288 653 1334 686 et
1356 638 1626 702 Herophito
1649 640 1760 688 Ab-

406 706 409 709 ’
460 712 671 761 deritano
690 713 990 770 memoravit,
1030 731 1141 761 eum
1161 715 1387 762 continuo
1416 731 1556 777 opem
1580 713 1761 777 praesti-

461 788 564 835 tiffe
587 789 779 836 difficile
804 790 888 837 fit:
929 791 1007 837 vel
1031 791 1062 837 fi
1097 791 1291 837 fortaffis
1319 805 1472 853 neque
1498 788 1758 847 Thafienfi,

461 878 613 926 neque
636 864 935 911 Abderitano
959 863 1109 911 defuit
1125 881 1373 928 umquam,
1415 862 1499 926 qui
1526 861 1762 911 Larifl‘aeis'

460 937 588 984 idem
628 950 675 985 et
704 938 951 984 Meliboeis
990 939 1038 986 in
1077 939 1305 985 auxilium
1341 937 1501 984 venire
1536 939 1757 1000 poterat?

460 1012 536 1059 Ex
561 1011 632 1058 his
657 1027 862 1075 namque
887 1011 1076 1075 aliisque
1100 1013 1219 1059 locis
1244 1011 1456 1059 distincte
1480 1024 1758 1073 aegrotantes

456 1086 736 1132 nominat²².
808 1085 924 1132 Vim
965 1086 1106 1132 etiam
1148 1086 1430 1133 dubitationi
1469 1085 1759 1144 nostraeach

459 1161 579 1206 dunt
603 1158 817 1206 nonnulli
843 1175 901 1205 ex
925 1158 1096 1205 eodem
1128 1159 1316 1204 auctore
1353 1157 1465 1213 loci,
1504 1157 1552 1204 in
1586 1158 1758 1222 quibus

458 1235 606 1282 modo
642 1233 686 1280 se
732 1233 917 1290 vidisse,
966 1233 1115 1280 modo
1158 1249 1271 1280 vero
1306 1249 1363 1279 ex
1410 1231 1564 1278 aliena
1597 1233 1755 1296 potius

458 1309 741 1363 narratione,
782 1324 890 1370 quae
935 1306 1096 1353 scribit
1143 1307 1254 1370 ipse,
1294 1307 1522 1370 accepisse
1562 1308 1757 1371 profite-·

456 1386 594 1431 tur²³.
666 1385 790 1445 Qae
830 1382 888 1427 de
914 1380 1206 1445 Epidesnicis
1237 1381 1394 1428 libris
1404 1381 1450 1428 in
1482 1381 1750 1471 universum

461 1457 747 1505 adnotaviffe
766 1455 872 1502 satis
892 1455 962 1502 sit.

500 1603 537 1622 22
569 1597 651 1635 Vix
681 1607 809 1635 tamen
843 1595 1003 1633 dubium
1029 1594 1080 1632 est
1111 1593 1388 1646 Hippocratem
1416 1607 1484 1644 per
1511 1594 1692 1634 Thraciae
1722 1607 1762 1636 et

446 1657 653 1699 Thessaliae.
672 1657 851 1697 finitimas
871 1657 984 1694 urbes
1004 1656 1218 1707 profectum
1237 1654 1448 1707 aliquando
1473 1656 1560 1694 effe.
1615 1656 1761 1695 Earum

446 1731 548 1759 certe
567 1718 775 1757 nobiliores
795 1731 872 1756 non
896 1730 975 1754 uno
1001 1717 1041 1753 in
1069 1718 1129 1754 loc
1134 1730 1157 1753 o
1185 1714 1368 1762 laudavit,
1388 1713 1586 1763 Larissam,
1613 1716 1762 1755 Crano·

444 1795 544 1828 nem,
574 1781 735 1826 AEnum,
754 1777 971 1824 AEniadem,
1000 1777 1175 1836 Pheram,
1204 1777 1265 1815 Eli
1270 1777 1366 1823 dem,
1385 1775 1628 1824 Perinthum,
1648 1777 1759 1816 Tha-

444 1843 541 1887 sum,
561 1840 768 1885 Abderam,
788 1838 1010 1876 Olinthum.
1067 1838 1114 1875 In
1117 1847 1174 1874 ter
1204 1835 1462 1875 Smirneenses
1494 1851 1654 1889 quoque
1673 1852 1759 1876 ver·

443 1903 564 1940 satum
596 1899 704 1937 fuiffe
732 1900 906 1936 Galenus
940 1897 1108 1948 scripfit:
1147 1908 1230 1935 tum
1262 1909 1354 1934 vero
1374 1896 1635 1944 Mercurialis,
1662 1900 1755 1937 Var.

445 1965 547 2003 Lea.
569 1962 656 2001 Lib.
674 1962 728 2000 ΙΙ.
744 1971 820 2014 cap.
834 1959 944 1998 xviii.
963 1973 1030 2010 per
1046 1957 1231 1997 Scithiam
1249 1969 1286 1996 et
1299 1957 1451 1996 Libiam
1469 1958 1758 2009 peregrinatum
1777 1976 1779 1978 ·

447 2029 531 2075 effe,
550 2037 588 2065 ct
605 2027 652 2064 ad
680 2026 823 2064 Delum
842 2022 1072 2061 contendisse
1096 2020 1257 2058 censuit.
1315 2023 1416 2071 Qae
1439 2021 1594 2060 fortassis
1618 2021 1759 2060 itinera

444 2085 620 2138 suscepit,
643 2097 686 2125 ut
702 2086 826 2123 varias
845 2085 1019 2122 locorum
1046 2081 1306 2132 aegritudines,
1332 2083 1562 2136 variumque
1581 2083 1758 2122 medendi

446 2163 579 2200 genus,
617 2147 927 2198 constantemque
973 2143 1119 2183 fibimet
1164 2143 1309 2196 ubique
1348 2144 1525 2182 locorum
1560 2143 1756 2183 Naturam

445 2211 683 2261 agnosceret.

496 2283 532 2304 2³
561 2274 757 2328 Ejusmodi
787 2274 884 2320 sunt,
917 2286 1004 2326 quae
1030 2269 1067 2308 in
1094 2271 1120 2309 i.
1150 2271 1262 2322 Epid.
1294 2272 1434 2310 habet:
1464 2272 1643 2322 Nullaque
1664 2272 1761 2322 quod

428 2341 547 2391 sciam
565 2353 607 2375 ex
625 2337 691 2381 his,
705 2335 825 2386 quibus
844 2336 865 2371 l
858 2350 930 2371 orn
932 2350 964 2370 m
989 2337 1088 2385 quid
1089 2335 1131 2380 βα
1133 2334 1224 2368 eifum
1237 2333 1324 2379 fit,
1348 2336 1371 2368 is
1364 2335 1479 2368 lteris}
1469 2342 1640 2383 t—-atque
1656 2331 1759 2369 haud

429 2401 511 2450 scio
525 2412 570 2434 an
588 2411 644 2434 cor
647 2411 701 2432 um
720 2398 840 2445 cuique
857 2396 1031 2447 quisuper
1031 2395 1112 2440 fuer
1115 2401 1187 2437 unt,
1208 2394 1275 2428 rite
1282 2392 1335 2441 fa
1337 2392 1404 2428 5}ae
1421 2405 1495 2428 mm
1488 2390 1557 2428 bot
1550 2405 1615 2428 um
1633 2404 1756 2429 rever-

431 2460 545 2508 stenes
576 2472 639 2493 noa
662 2457 1105 2506 r·ecurrcrint--omnqsque
1123 2451 1218 2503 quod
1230 2453 1370 2503 sciam
1373 2452 1613 2498 (erabantur
1630 2452 1753 2503 quibus

442 2520 504 2557 hoc
523 2519 694 2555 recidiva
706 2529 815 2567 genus
842 2518 1011 2567 contigit:
1046 2526 1082 2553 ct
1103 2513 1177 2550 alia
1199 2511 1304 2550 alibi.
1360 2512 1474 2551 Certe
1495 2512 1633 2551 etenim
1655 2511 1753 2563 Hip-

444 2576 607 2631 pocratis
627 2586 735 2613 aetate
755 2574 848 2612 alios
869 2588 936 2625 per
963 2574 1157 2615 Graeciam
1178 2571 1384 2612 Medicinae
1406 2574 1633 2613 Professores
1654 2572 1751 2610 exti-

442 2643 521 2682 tiffe
540 2641 605 2680 vix
625 2637 880 2680 dubitandum
899 2637 962 2677 est.

1558 2739 1740 2792 CAP.
