1932 3319
473 243 842 297 AEGROT.
895 245 1005 293 ET
1064 247 1258 297 SAN.
1422 269 1512 318 1¹9

225 372 611 442 calculorumque
635 379 868 426 doctrinas
893 378 1073 443 aliaque
1098 379 1155 425 ad
1178 381 1511 444 Pythagoraeos

224 451 416 514 propius
440 453 722 516 pertinentia
753 453 1116 518 frequentissime
1153 454 1273 500 inter
1312 456 1511 506 scriben-

222 523 341 571 dum
379 525 698 589 usurpaviffet‚
730 528 900 574 veniffe
943 528 978 573 is
1004 527 1233 591 siquidem
1259 528 1303 574 in
1331 530 1514 579 Italiam

224 592 398 645 dicitur
416 613 468 647 ut
493 599 779 665 Philolaum,
806 614 852 648 et
875 601 1090 647 Euritam
1124 602 1287 664 magni
1312 604 1516 652 nominis

223 674 553 738 Pythagoraeos
574 676 771 734 audiret,
788 676 868 734 vix
886 692 1049 723 eorum
1072 676 1297 723 memoria
1317 678 1363 724 in
1387 682 1514 743 Hip-

218 762 413 812 pocrate
454 751 534 809 est,
587 751 811 798 tametfie
833 751 1154 813 Pythagoricis
1193 753 1345 798 multa
1380 759 1515 818 mag-

222 839 332 870 nam
351 836 555 887 partem,
583 825 877 872 Medicinam
898 825 1106 874 [imiliter
1121 825 1414 889 respicerent,
1437 846 1516 876 ex-

224 896 430 962 indeque
449 899 799 955 Democritum,
821 900 1088 962 Pythagora
1113 900 1349 962 magistro,
1369 903 1518 965 pluri-

221 987 316 1029 ma,
333 974 489 1037 quoad
510 973 726 1036 pulsuum
751 973 1053 1029 differentias,
1076 973 1121 1019 in
1138 977 1256 1028 Arte
1277 975 1516 1028 immiscuu

221 1045 317 1102 iffe,
343 1047 568 1093 Boethius
593 1047 711 1099 dixit
733 1049 770 1070 ²²
792 1066 804 1095 ι
827 1047 1159 1093 Democritum
1179 1047 1303 1093 eriim
1336 1049 1515 1111 Pytha-

222 1135 407 1183 goraeos
435 1120 755 1175 auscultaviffe
797 1119 923 1166 fama
962 1119 1041 1178 est,
1084 1136 1339 1182 eorumque
1382 1121 1515 1169 sectae

219 1210 340 1258 pene
364 1195 687 1242 aemulatorem
715 1194 860 1242 fuiffe.
932 1195 1100 1240 Fertur
1125 1210 1315 1258 quoque
1355 1196 1514 1242 Hera-

219 1262 358 1308 clitus
385 1261 640 1324 Hippafim
677 1262 1058 1323 Pythagoraeum‚
1093 1262 1167 1307 vel
1205 1260 1395 1308 fortaffis
1422 1264 1517 1324 Py-

152 1351 154 1353 ’
220 1335 469 1398 thagoram
512 1334 663 1396 ipsum
688 1333 926 1380 audiviffe.
1002 1335 1071 1379 Ea
1106 1347 1260 1379 tamen
1299 1334 1336 1379 is
1382 1334 1514 1382 fuisse

219 1408 399 1455 dicitur
423 1406 597 1469 ingenii
623 1406 798 1461 indole,
843 1418 896 1451 ut
920 1422 1013 1452 non
1054 1404 1189 1452 facile
1228 1408 1354 1467 suam
1392 1425 1516 1471 prae0

219 1493 482 1545 ceptorum,
508 1495 630 1543 quos
656 1478 913 1535 audiverat,
952 1478 1228 1526 sententiam
1275 1481 1515 1529 existima-

217 1568 304 1607 ret.
378 1553 606 1611 Similiter
643 1553 938 1617 Pythagoraei
981 1555 1170 1610 Musica
1213 1555 1512 1606 delectabam
1545 1551 1549 1554 ’

260 1746 298 1767 ²²
326 1741 671 1792 Pythagoraeorum
687 1740 875 1778 doctrinas
889 1739 930 1778 in
956 1740 1125 1780 Coorum
1143 1741 1305 1780 insulam
1322 1743 1521 1795 haudquae

209 1815 329 1856 quam
360 1801 623 1852 penetravisse,
653 1800 872 1852 ibidemque
909 1800 1102 1839 contraria
1135 1803 1284 1852 prorsus
1325 1803 1519 1849 Thaletis,

207 1864 466 1913 Anaxagorae‚
501 1860 701 1911 Leucippi,
736 1870 773 1899 et
806 1860 1025 1898 Democriti
1052 1861 1206 1911 placita,
1247 1863 1523 1914 philosophiam

208 1936 344 1972 nempe
364 1935 482 1974 quam
497 1921 804 1972 corpuscularem
819 1930 973 1967 vocant,
1009 1934 1094 1971 quae
1112 1921 1307 1959 materiam
1324 1932 1359 1959 et
1375 1934 1524 1961 motum

209 1991 407 2033 tamquam
427 1994 554 2018 rerum
573 1980 700 2018 omnia
729 1981 915 2018 elementa
934 1979 1142 2025 constituit,
1175 1980 1214 2017 in
1234 1982 1382 2018 honore
1401 1981 1523 2029 fuiffe,

209 2040 393 2078 dixerunt
411 2039 532 2090 aliqui
549 2054 556 2077 :
587 2053 673 2090 quae
689 2049 828 2084 tamen,
854 2052 937 2076 meo
958 2038 1113 2090 quidem
1127 2039 1286 2090 judicio,
1306 2041 1394 2078 sunt
1410 2042 1523 2080 valde

210 2099 340 2137 dubia.
394 2097 510 2136 Certe
540 2097 752 2135 Democriti
781 2098 921 2148 placita
946 2097 1158 2148 plurimum
1192 2100 1238 2137 ad
1277 2099 1527 2151 Pythagorae-

209 2171 324 2196 orum
349 2156 548 2196 sententias
570 2157 811 2203 accesserant,
840 2157 1030 2208 pluraque
1051 2158 1097 2195 de
1118 2160 1269 2208 Μιςβσα,
1301 2160 1522 2209 Harmonia,

209 2220 390 2266 Numer-is,
415 2219 529 2268 Pozfi,
562 2219 603 2256 de
621 2220 777 2256 Litteris
803 2218 882 2255 bene
911 2229 944 2255 et
975 2219 1063 2255 male
1074 2218 1297 2269 finantibus,
1324 2220 1366 2257 de
1391 2222 1523 2268 Canta,

209 2281 254 2319 V
247 2279 348 2331 evij,
377 2280 418 2316 de
448 2280 614 2331 Linguis,
647 2288 683 2315 et
714 2279 755 2314 (le
786 2280 937 2316 Homero
969 2279 1048 2328 five
1073 2279 1114 2315 de
1144 2279 1348 2322 Eme-adata
1368 2282 1520 2329 lavone,

209 2353 298 2378 eum
316 2338 397 2390 post
422 2338 458 2376 se
486 2338 621 2390 scripta
649 2337 837 2390 reliquisse
855 2338 969 2388 Diog‚
991 2338 1169 2376 Laertius
1188 2338 1376 2377 memoriae
1396 2341 1523 2390 prodi-

208 2399 278 2438 dit.
330 2397 402 2436 Sed
422 2411 548 2450 neque
580 2397 694 2437 etiam
728 2397 806 2434 sola
839 2398 1087 2448 Hippocratis
1117 2398 1257 2448 manfio
1286 2399 1386 2448 apud
1419 2399 1522 2437 Coos

208 2460 295 2499 fuit.
362 2459 419 2497 Ea
451 2459 605 2497 demum
637 2458 883 2509 Hippocratis
918 2470 1040 2507 aetate,
1072 2472 1139 2510 per
1175 2472 1304 2496 omnes
1347 2460 1520 2511 undique

211 2520 375 2568 Graeciae
390 2520 501 2558 urbes
523 2520 865 2571 Pythagoraeorum
883 2520 984 2557 fama
1003 2520 1138 2567 fuerat,
1169 2529 1210 2557 ut
1226 2518 1291 2556 vix
1308 2521 1521 2558 verosimile

211 2584 256 2622 fit
281 2596 414 2621 eorum
435 2582 592 2619 heresim
608 2581 886 2633 Hippocratem
905 2582 1150 2622 doetiffimum
1180 2592 1216 2620 et
1233 2581 1519 2621 eruditiffimum

211 2643 265 2696 fui
283 2642 463 2695 temporis
484 2641 677 2682 hominem
693 2644 852 2684 latuisse.

887 2711 908 2773 Ι
944 2727 977 2778 4
1419 2720 1511 2767 tur,
1527 2756 1550 2782 ,ἡ
