1932 3319
423 286 516 333 154
678 269 795 321 DE
862 268 1505 320 VIT.PER10D.

418 401 738 459 acrimoniam,
801 414 1050 467 utramque
1110 403 1398 467 simpliciter,
1454 419 1706 468 tamquam

414 482 701 546 praecipuam
753 478 1012 541 ingruentis
1055 476 1170 525 stato
1217 495 1242 525 a
1268 492 1402 543 partu
1442 480 1520 528 die
1560 479 1706 528 febris

414 556 618 603 cauffam
642 553 727 601 fibi
752 553 966 600 sumeret.

485 719 561 767 19.
616 702 728 750 Rite
761 701 955 766 quidem
993 700 1337 771 Sydhenamius
1373 703 1614 765 tertianosae
1664 713 1711 750 et

417 779 683 839 quartanqsae
706 777 917 823 materiei
941 776 1076 823 statas
1101 777 1328 840 quasdam
1343 777 1388 824 in
1415 778 1602 824 Natura
1641 775 1712 823 le-

417 867 500 912 ges
526 851 727 909 asseruit,
776 868 891 914 quas
918 867 1074 898 tamen
1117 852 1160 898 se
1201 851 1376 909 frustra,
1425 868 1506 898 cur
1530 852 1710 908 fierent,

415 924 719 986 quaesiturum
744 925 833 969 effe
860 925 1043 970 aiebat:
1082 940 1156 969 eas
1181 938 1338 970 tamen
1378 925 1604 986 ejusmodi
1622 925 1712 972 effe
1762 957 1765 960 >

418 997 743 1054 arbitrabatur,
797 1009 850 1043 ut
890 998 1117 1045 methodo
1161 998 1367 1060 quadam
1405 1012 1532 1044 certa
1574 1013 1713 1062 atque

418 1071 581 1117 ordine
608 1074 792 1118 Natura
817 1072 862 1118 in
891 1073 942 1119 iis
968 1073 1344 1135 progrederetur,
1371 1086 1510 1136 atque
1537 1073 1583 1120 in
1607 1073 1712 1120 reli-

417 1142 522 1204 quis
561 1145 673 1191 vitae
712 1145 936 1208 periodis.
1010 1148 1128 1193 Uno
1169 1147 1335 1204 verbo,
1372 1161 1425 1195 ut
1461 1163 1620 1195 earum
1645 1145 1714 1194 fe-

417 1215 574 1263 brium
598 1219 790 1282 propria
809 1220 1050 1282 utrimque
1076 1219 1289 1266 materies
1315 1235 1409 1267 non
1447 1219 1603 1266 minus
1626 1219 1715 1266 sta-

416 1288 474 1336 tis
503 1292 700 1340 Naturae
723 1293 909 1355 legibus
929 1294 1285 1351 obsecundaret,
1323 1296 1382 1341 ab
1402 1293 1546 1358 iisque
1578 1311 1714 1358 rege-³

415 1377 558 1425 retur,
593 1385 720 1431 quam
744 1379 899 1416 caetercz
919 1369 1010 1415 alia
1034 1383 1213 1432 corpora
1239 1370 1613 1433 qualiacumque&

486 1546 565 1580 20.
603 1533 749 1593 Juxta
768 1545 875 1593 quae
891 1528 1006 1575 illud
1024 1528 1334 1591 Hippocratis
1356 1528 1557 1590 intelligi
1574 1545 1715 1592 opor-

417 1616 514 1650 tere
530 1603 714 1667 judico,
751 1602 881 1666 quod
904 1600 1054 1648 febres
1092 1602 1318 1648 nimirum
1357 1618 1449 1648 non
1475 1600 1716 1665 judicato-
1763 1630 1768 1633 —

418 1679 487 1725 rio
510 1679 600 1734 die,
638 1679 730 1725 five
756 1690 809 1723 ut
834 1677 944 1724 alibi
969 1676 1092 1722 hunc
1114 1676 1425 1740 Hippocratis
1448 1677 1608 1723 locum
1634 1693 1717 1724 ex-

417 1753 659 1817 posuimus
675 1752 981 1813 nonfoecundo,
998 1751 1282 1808 recedentes,
1301 1751 1520 1798 recidivae
1536 1765 1716 1799 metum

420 1828 638 1877 inferant.
713 1827 793 1874 Fit
825 1828 951 1873 enim
990 1827 1260 1891 aliquando,
1296 1841 1348 1873 ut
1374 1827 1484 1874 inita
1509 1828 1717 1892 primum

420 1902 467 1949 in
510 1902 697 1957 morbo,
734 1899 979 1947 Tertianae
1027 1914 1107 1946 aut
1132 1903 1388 1965 Qartanae
1432 1901 1719 1949 consuetudo

421 1973 664 2037 inopinato
703 1984 924 2030 mutetur,
977 1987 1192 2019 manente
1233 1986 1390 2024 tamen
1429 1972 1571 2019 tacita
1601 1991 1719 2037 qua-

421 2048 550 2107 dam,
592 2062 637 2095 et
663 2047 862 2111 repreffa
891 2048 1048 2112 potius
1069 2065 1211 2112 quam
1238 2048 1416 2095 sublata
1442 2048 1487 2094 in
1512 2049 1717 2113 ‘eosdem

421 2136 578 2169 motus
602 2123 730 2170 Vitae
770 2123 1029 2170 tendentia.
1102 2124 1261 2186 Qam
1299 2123 1362 2168 ob
1398 2123 1602 2169 cauffam
1627 2140 1717 2171 eae-

421 2197 532 2243 dem
581 2197 736 2245 denuo
781 2198 1020 2245 motiones
1081 2211 1346 2255 exeruntur,
1415 2215 1511 2262 quo
1560 2199 1717 2256 semel,

423 2287 530 2332 quae
568 2287 643 2318 eas
689 2273 817 2336 quasi
860 2273 1202 2335 compresserat,
1244 2272 1312 2320 vis
1353 2273 1586 2320 contraria
1622 2275 1717 2321 tol-

423 2344 550 2400 litur,
604 2360 858 2411 manetque
899 2347 1049 2393 adhuc
1112 2348 1300 2411 pristina
1353 2361 1569 2399 motuum
1617 2349 1718 2396 suc-

425 2420 577 2466 cessio,
621 2437 821 2483 quorum
871 2421 973 2471 finis
1019 2421 1144 2473 statis
1192 2421 1471 2485 quibusdam
1517 2422 1718 2485 periodis

426 2489 657 2553 alligntur.
728 2494 975 2556 Ejusmodi
1002 2496 1222 2558 exemplo
1247 2495 1348 2542 sunt
1383 2496 1532 2544 crebri
1553 2495 1715 2545 Terti-

733 2694 749 2718 3
779 2691 882 2732 Febr.
902 2693 1048 2736 Imm-m.
1075 2697 1175 2737 Arm.
1203 2697 1312 2746 1661,
1340 2700 1410 2738 &c-

1526 2780 1718 2814 assarssln
