1932 3319
415 274 482 326 ,ο
650 258 1456 322 DEviT.PERioD‚

414 380 560 428 terica
601 377 807 435 nervosa,
850 395 993 442 quam
1011 376 1246 441 descripsit
1270 377 1711 443 Manninghamius‚

412 455 648 520 trigesima
671 454 788 518 saepe
813 455 905 510 die,
953 466 1030 500 aut
1056 454 1102 502 in
1121 452 1335 509 salutem,
1367 466 1447 500 aut
1468 447 1714 517 stupidita-

412 544 527 587 tem,
555 544 634 577 aut
656 542 859 576 mortem
886 528 1067 576 desinit.
1128 527 1308 576 Desunt
1325 527 1510 591 propria
1541 529 1714 576 horum

413 606 597 653 dierum
632 605 755 667 apud
790 604 1144 668 Hippocratem
1185 603 1435 666 exempla:
1480 601 1715 650 convulsi-

413 695 526 728 ones
559 679 806 726 dumtaxat
847 679 1084 743 trigesima
1122 678 1450 725 verofimiliter
1489 677 1569 724 die
1608 676 1716 724 sub·

413 767 558 811 ortas,
609 769 720 800 cum
757 753 888 815 vocis
931 753 1289 816 interceptione,
1338 750 1624 810 memoravit
1667 750 1717 804 in

416 828 627 877 Cononis
656 829 907 882 Ancilla⁴2
959 827 1075 875 item
1122 828 1181 875 de
1207 826 1546 874 Cleonaffide⁵
1572 825 1718 889 scrip·

416 902 470 948 fit
505 903 545 948 ei
571 903 692 950 circa
715 903 1002 969 trigefimam
1020 902 1146 949 diem
1167 902 1442 966 sanguinem
1463 899 1639 948 fluxisse
1659 915 1717 963 ext
1743 920 1746 923 ·

415 988 611 1040 utraque
630 992 758 1025 nare.

707 1177 756 1224 D
826 1177 849 1225 I
920 1175 964 1223 E
1035 1177 1066 1223 S
1200 1174 1450 1225 XXXIV.

484 1311 550 1357 A.
586 1309 733 1356 Hanc
754 1308 883 1371 diem
904 1307 950 1355 in
974 1308 1268 1372 Epidemicis
1292 1307 1498 1372 plurima
1523 1307 1721 1371 Hippo·

417 1384 559 1438 cratis
583 1383 870 1446 exemplaria
906 1396 1188 1446 praetereunt
1227 1382 1274 1429 in
1311 1382 1509 1429 circuitu
1534 1381 1723 1446 parium

410 1458 734 1524 judicantium
752 1475 762 1505 ε
797 1457 885 1505 alia
903 1457 1083 1504 addunt
1099 1459 1136 1504 ¹·:
1163 1469 1291 1504 extat
1307 1455 1427 1505 inter
1442 1456 1723 1504 decretorias

415 1532 465 1594 'in
502 1531 838 1596 Prognosticis‚
890 1529 1170 1595 sudoresque
1211 1530 1398 1587 criticos
1443 1530 1725 1594 portendere

419 1605 607 1654 dicitur.

486 1756 544 1802 B.
583 1753 752 1802 Postea
789 1767 902 1800 vero
938 1751 1102 1799 eadem
1143 1751 1322 1800 ratione
1343 1751 1484 1814 juxta
1524 1751 1725 1808 eandem

421 1830 713 1877 additionem
756 1828 936 1895 primus
983 1827 1207 1874 circuitus
1245 1826 1309 1874 est
1333 1839 1536 1890 quatuor
1575 1838 1623 1872 et
1639 1825 1724 1872 tri-

419 1905 549 1968 ginta
595 1904 809 1958 dierum3
875 1901 1106 1956 secundus
1169 1901 1480 1966 quadraginta
1495 1922 1510 1955 3
1559 1899 1724 1965 tertius¹

422 1980 658 2044 sexaginta
677 1984 713 2028 ².

494 2148 510 2177 1
525 2166 536 2178 .
574 2129 785 2177 Abderae
807 2128 1051 2186 Anaxion,
1077 2125 1309 2173 recidivus
1325 2142 1351 2171 a
1366 2122 1553 2189 judicio
1573 2122 1725 2186 Viger

423 2202 564 2260 simae,
614 2204 748 2251 fimul
792 2203 963 2267 sumpti
1006 2201 1161 2265 moifbi
1188 2199 1424 2264 trigesima
1449 2211 1616 2263 quarta
1646 2195 1725 2250 die

423 2294 639 2327 mortuus
664 2279 726 2326 est
748 2281 784 2327 ³.

468 2437 484 2459 ⁴
516 2435 627 2484 Epid,
643 2435 832 2484 VILstJZ.
849 2432 886 2469 ii.

472 2496 482 2518 3
514 2492 627 2529 conf.
657 2491 827 2543 AEgr.ii.
858 2493 950 2528 Dici
969 2493 1000 2531 Ι.

470 2556 482 2574 ¹
513 2550 627 2588 Conf.
648 2551 744 2601 Fors.
776 2552 838 2586 loc.
857 2553 917 2586 cit.

469 2618 484 2636 ²
515 2615 651 2661 Progn.
668 2614 759 2661 [ΓΗ.
781 2609 830 2647 lil.
850 2620 924 2662 sap.
941 2624 1022 2647 Xlll.

472 2679 485 2701 Ξ
516 2672 634 2710 Conf.
665 2673 780 2722 AEgr.
801 2668 880 2707 viii.
910 2671 1001 2707 Dici
1020 2669 1110 2708 XX.

1531 2736 1574 2770 2·
1611 2720 1718 2779 Ab,-
