1932 3319
396 245 763 302 AEGROT.
822 243 937 294 ET
998 242 1195 292 SAN.
1338 260 1430 310 109

143 382 430 434 versionibus
442 382 643 431 maxime
655 365 1035 429 accommodatos
1055 376 1429 433 subintellexisse,

146 461 261 508 item
303 473 351 506 et
377 459 587 523 proprias
629 456 851 522 quasdam
891 452 1093 502 febrium
1123 451 1355 516 periodOS,
1388 464 1437 496 et

147 532 386 590 circuitus,
413 533 495 579 sub
516 531 691 596 quibus
710 528 846 577 soluti
863 527 1016 576 morbi
1041 543 1096 572 ex
1115 525 1299 589 integro
1319 523 1436 570 desi-

144 621 304 654 nerent
322 629 336 661 ;
392 620 553 653 contra
599 621 721 670 quae,
768 603 800 650 li
825 615 931 650 ante
970 602 1046 648 vel
1080 601 1252 664 postea,
1292 599 1437 647 invita

143 679 272 743 quafi
297 680 497 735 Natura,
523 678 782 733 finirentur,
800 675 1006 740 plurima
1031 688 1126 720 erat
1150 671 1437 737 imperfeftae

137 751 463 817 judicationis,
520 765 566 798 et
601 750 797 797 redituri
838 749 989 797 morbi
1036 747 1252 811 suspicio.
1339 748 1438 795 Eos

144 837 390 888 propterea
403 823 626 886 facundos
651 822 767 881 dies,
793 822 991 878 menses,
1022 833 1069 867 et
1106 837 1254 868 annos
1279 821 1436 869 nomi-

115 889 125 898 ⁶
148 897 296 956 navit,
315 897 361 943 in
385 913 502 960 quos
529 895 753 960 ejusmodi
778 895 1080 949 circuituum,
1123 893 1216 943 five
1241 895 1287 941 in
1312 911 1439 943 mor-

149 969 237 1026 bis,
263 970 355 1016 five
380 969 426 1015 in
445 969 636 1015 sanitate
655 968 880 1015 terminus
899 967 1083 1031 proprie
1110 967 1321 1016 caderet:
1356 984 1440 1015 cu-

139 1041 350 1105 jusmodi
385 1042 639 1090 circuitum
657 1041 912 1090 confessam
938 1043 1062 1105 apud
1088 1040 1304 1089 Clinicos
1328 1059 1439 1090 auc-

151 1116 386 1164 toritatem
409 1115 498 1163 effe
526 1115 778 1182 credimus.

219 1258 265 1303 8.
311 1256 492 1303 Verum
533 1257 729 1320 quidem
761 1256 823 1302 est
863 1256 972 1303 alibi
990 1257 1036 1302 in
1076 1257 1369 1320 Aphorismis
1390 1264 1442 1318 ¹⁹,

153 1345 202 1380 et
236 1332 283 1378 in
307 1332 431 1379 libro
472 1333 554 1396 qui
597 1333 654 1378 de
680 1331 1061 1393 Judicationibus
1104 1333 1196 1378 five
1235 1333 1443 1382 Crisibus

155 1404 438 1461 inscribitur,
473 1409 662 1468 impares
702 1406 900 1453 omnino
939 1405 1056 1461 dies,
1108 1407 1315 1455 adhibita
1354 1416 1442 1458 Πε-

153 1472 332 1546 ρισσήσιν
355 1496 535 1543 wewam
565 1493 700 1534 voce,
738 1477 953 1539 exprimi,
978 1475 1272 1543 febriumque
1292 1498 1444 1530 rever-

155 1552 326 1606 fiones,
359 1549 490 1613 quod
533 1567 625 1597 non
670 1551 913 1612 imparibus
955 1551 1118 1599 diebus
1166 1556 1444 1616 recefferint,

155 1625 466 1690 expectandas
492 1625 580 1672 effe
597 1624 777 1672 ibidem
797 1625 972 1672 doceri.
1019 1628 1111 1673 Sed
1127 1626 1308 1693 jamdiu
1335 1649 1447 1683 eum

155 1697 560 1762 Aphorismorum
597 1700 757 1745 locum
777 1698 1074 1761 castigaverat
1101 1692 1325 1761 Galenus,
1364 1710 1448 1754 im-

147 1770 326 1832 parium
357 1768 545 1815 le5cioni
571 1771 747 1816 criticos
765 1769 862 1816 dies
881 1770 1156 1820 substituens
1179 1797 1191 1829 3
1237 1793 1380 1839 quem
1401 1782 1449 1829 in

152 1843 350 1890 modum
369 1841 623 1905 castigatio,
646 1860 703 1891 eo
723 1844 982 1907 antiquiore
1002 1847 1201 1895 lectione
1221 1854 1388 1901 melior
1403 1871 1451 1904 et

157 1917 428 1965 credibilior
439 1917 518 1974 est,
533 1919 662 1981 quod
675 1935 728 1965 ea
738 1920 950 1983 proxime
964 1935 1074 1967 cum
1086 1923 1153 1969 his
1174 1927 1445 1987 consentiat,

159 2007 268 2054 quae
308 1990 356 2035 in
397 1991 711 2053 Prognosticis
753 2007 798 2039 et
823 1992 995 2039 Coacis
1021 1995 1358 2060 Hippocrates,
1390 2004 1450 2051 de

159 2062 364 2109 febrium
389 2062 538 2108 reditu
561 2080 654 2110 non
674 2065 834 2111 critico
852 2066 926 2111 die
948 2068 1278 2130 recedentium,
1305 2074 1451 2141 scrip-

162 2136 292 2183 serat.
342 2136 587 2193 Praeterea,
623 2140 751 2201 quod
776 2140 832 2185 ad
857 2140 1119 2190 universum
1140 2147 1450 2209 Aphorismo-

161 2226 269 2257 rum
293 2226 408 2272 opus
432 2212 647 2274 pertinet,
680 2213 921 2262 sciendum
959 2217 1022 2262 est
1065 2219 1121 2265 ab
1155 2226 1285 2271 omni
1330 2231 1451 2277 anti-

163 2283 342 2347 quitate
361 2283 418 2329 de
440 2284 653 2346 plurimis
674 2288 812 2350 plane.
835 2288 880 2334 in
906 2306 960 2335 eo
979 2292 1133 2349 rebus,
1154 2297 1232 2343 vix
1247 2301 1303 2346 ad
1321 2303 1453 2368 Hip-

164 2370 407 2420 pocratem
423 2359 764 2420 pertinentibus
785 2362 1049 2411 dubitatum
1070 2368 1183 2425 effe3
1202 2375 1328 2435 quod
1347 2379 1452 2440 quis

163 2431 274 2478 dem
314 2431 558 2481 Theffalus
606 2434 893 2491 Trallianus,
946 2452 992 2483 et
1030 2439 1128 2500 J‘ul.
1172 2447 1454 2499 Alexandri..

524 2622 562 2666 ,¹⁰
584 2617 701 2659 Conf.
722 2621 822 2671 Aph.
843 2621 909 2660 cit.

736 2683 745 2691 ς
1369 2704 1455 2734 HUS
