1932 3319
328 294 696 350 AEGROT.
765 290 880 349 ET
953 302 1147 350 SAN.
1269 316 1400 376 ,195

112 424 196 479 stat
210 447 290 482 eos
309 433 505 498 quidem
524 435 773 499 plusquam
787 434 1132 497 reprehendere,
1154 432 1400 492 consimili,

112 515 251 568 atque
275 505 343 554 illi
378 507 514 564 alios,
561 524 703 572 poena
726 507 969 564 muletam,
1005 505 1400 569 despicientesque

111 591 321 639 caeteros,
369 581 609 646 despecstos
651 595 698 628 et
724 580 957 628 inauditos
994 581 1201 627 slmiliter
1241 578 1403 625 dimit-

110 663 230 700 tere:
279 671 432 720 neque
472 657 600 703 enim
639 658 732 704 Ars
761 655 1006 704 inimicum
1032 655 1215 702 habere
1237 653 1404 718 potest,

112 724 195 773 nifi
218 727 533 791 ignorantem.
982 720 984 722 ’

175 879 224 926 3.
261 866 373 928 Jam
402 883 510 915 vero
535 885 588 915 ea
609 866 865 932 aliquando
891 867 1164 915 conditione
1189 865 1404 914 homines

109 936 233 995 sunt,
274 953 328 987 ut
359 941 434 987 vel
465 942 702 989 leviffimis
741 941 882 987 etiam
907 942 1046 988 rebus
1078 941 1161 988 toti
1187 937 1406 987 commo-

110 1024 311 1060 veantur
330 1022 365 1070 ¹,
425 1014 854 1078 quod,mulierum
896 1015 978 1072 est,
1038 1027 1408 1076 caeterorumquc

111 1083 230 1130 laxae
253 1098 298 1131 et
323 1085 577 1135 imbecillae
601 1089 847 1152 compagis
870 1104 881 1132 t
925 1103 1065 1149 quare
1092 1086 1220 1132 nulla
1240 1086 1408 1132 libera«-

112 1157 168 1204 lis
194 1160 540 1209 Medicamenti
571 1163 798 1209 exhibitio
831 1161 1088 1208 intercedat
1121 1161 1296 1207 neceffe
1329 1160 1439 1213 ests

113 1244 165 1277 ut
195 1231 349 1279 omnis
375 1234 419 1280 in
455 1235 524 1280 his
549 1235 869 1297 periodorum,
916 1233 1267 1296 etjudiciorum
1292 1232 1409 1277 ordo

112 1304 242 1352 secus
272 1307 541 1370 defieftant,
590 1324 924 1372 proptereaque
962 1324 1055 1354 non
1097 1308 1198 1354 aliis
1237 1307 1411 1362 minus,

108 1374 585 1446 pharmacopolarum
603 1384 816 1430 officinas
833 1395 990 1446 patere
1006 1381 1411 1445 prudentissimum

113 1452 186 1501 fit.
256 1454 422 1518 Aliqui
470 1455 612 1502 etiam
661 1471 770 1501 cum
819 1468 984 1500 caetera
1023 1454 1213 1516 egregie
1244 1452 1408 1508 ferant,

112 1526 348 1591 quidquid
385 1529 797 1577 Medicamentum
839 1529 974 1592 sapit,
1033 1528 1407 1575 stomachanturt

114 1612 167 1645 ut
192 1601 446 1649 Stillatitiae
461 1601 603 1665 usque
624 1619 758 1666 aquae
780 1603 834 1649 iis
858 1601 1066 1657 nauseas,
1099 1615 1146 1648 et
1169 1604 1410 1647 vomitum

115 1673 323 1734 incitent,
368 1677 414 1724 in
455 1678 629 1741 quibus
658 1679 908 1742 plusquam
939 1677 1283 1724 Medicamenti
1309 1677 1410 1723 vir-

115 1755 284 1804 tutem,
340 1748 570 1795 interioris
615 1748 820 1796 hominis
861 1748 1138 1811 potestatem
1185 1745 1411 1810 respicere

116 1820 318 1883 praestat.

166 1956 180 1976 ¹
209 1953 273 1992 Ab
292 1953 406 1992 unius
434 1952 658 2005 fragae‘usu‚
695 1962 882 2005 perpetuo
916 1949 1159 1992 incredibiles
1179 1950 1325 1990 ventris
1351 1950 1417 1988 do-

109 2015 228 2061 iores,
263 2014 429 2060 nauseae,
463 2013 656 2053 tormina:
686 2013 726 2051 in
745 2009 826 2051 aliis
845 2026 1082 2064 purpureum
1103 2013 1332 2050 exanthema
1350 2025 1416 2048 cu-

109 2074 180 2113 tim
195 2073 365 2125 undique
384 2072 554 2111 obfidens
572 2088 580 2112 :
612 2072 738 2111 subita
755 2084 792 2110 et
811 2072 947 2123 ingens
965 2071 1102 2123 spuitio
1128 2085 1149 2109 a
1169 2070 1321 2109 minima
1343 2070 1419 2107 Eu-

107 2133 173 2176 tiri
189 2133 380 2185 particula
401 2132 617 2184 degustata:
648 2147 669 2169 a
688 2132 764 2170 levi
784 2133 926 2170 atta&u
946 2142 983 2169 et
1009 2131 1238 2182 percuffione
1267 2129 1313 2167 ad
1344 2140 1417 2168 ter-

110 2201 196 2239 gm,
233 2185 418 2224 continuo
460 2184 694 2223 incredibilis
725 2185 882 2223 nausea:
921 2197 1009 2236 quae
1039 2183 1193 2236 quidem
1231 2196 1302 2233 ego
1338 2181 1416 2233 ipse

108 2245 205 2284 vidi.
259 2243 462 2284 Notiffima
489 2245 588 2291 sunt,
617 2258 704 2296 quae
739 2244 784 2281 de
816 2243 938 2281 subita
970 2243 1170 2293 vertigine,
1204 2253 1240 2280 et
1267 2240 1418 2289 vomitu

109 2303 389 2343 nonnullorum
407 2303 742 2349 circumferuntur,
768 2316 816 2340 ex
836 2302 949 2340 celeri
970 2312 1056 2340 ante
1076 2303 1208 2339 oculos
1228 2299 1417 2338 rotatione

109 2361 230 2413 virgae
248 2360 372 2412 capite
391 2375 470 2400 uno
488 2360 666 2401 incensae.
700 2363 736 2399 A
759 2373 928 2401 cremore
947 2359 1052 2398 laffis
1072 2363 1192 2398 crudo
1211 2370 1276 2396 aut
1295 2359 1416 2403 coeto,

111 2422 452 2462 vehementiffirnus
471 2422 714 2462 hemicraniae
739 2423 913 2461 insultus.
941 2422 1079 2461 Tiffot.
1107 2422 1276 2473 Sim-path.
1296 2422 1418 2458 Nerv.

108 2485 148 2523 A
165 2484 243 2522 solo
273 2483 367 2523 casei
385 2484 513 2531 odore,
537 2484 708 2522 constans
736 2484 885 2522 narium
922 2484 1230 2535 Haemorrhagia.
1278 2483 1415 2522 Kaaw.

108 2545 252 2584 Boerh.
280 2546 404 2596 Impet.
422 2546 564 2595 faciens
578 2545 667 2593 480.
699 2545 795 2582 Item
816 2559 836 2581 a
852 2545 939 2582 Fele
960 2544 1067 2582 sunu]
1098 2543 1137 2580 in
1158 2544 1288 2581 eodem
1310 2541 1416 2581 cubi-

112 2606 204 2645 culo
223 2604 354 2651 stante,
392 2619 462 2643 nec
482 2616 609 2645 tamen
629 2607 827 2657 conspee‘m
859 2606 1008 2652 nausea,
1046 2606 1213 2644 vomitus
1239 2615 1276 2643 et
1293 2605 1419 2643 sudor.

105 2666 216 2706 Idem.
254 2667 290 2704 A
308 2680 448 2705 manna
463 2668 623 2719 sumpta,
652 2667 741 2705 item
762 2683 783 2705 a
804 2667 895 2705 vino
915 2668 1132 2719 Hispanico,
1164 2667 1361 2719 frequens,
1382 2675 1419 2703 et

111 2726 314 2767 immodica
332 2726 569 2767 sternutatio.
603 2729 732 2767 Porta.
746 2730 842 2776 Dzff.
861 2728 901 2765 de
919 2728 1071 2766 Stet-nm.

691 2787 736 2831 O
777 2802 802 2832 2
952 2825 960 2832 .
1126 2803 1165 2843 as,
1204 2782 1417 2830 Tametsi
