1932 3319
386 271 756 330 AEGROT.
812 275 940 325 ET
999 275 1197 325 sAN.
1379 294 1440 347 37

221 416 273 460 4.
307 399 638 457 PhanocrituS,
684 397 768 462 qui
800 397 927 462 apud
950 395 1256 444 Gnathonem
1292 395 1442 460 picto-

157 489 256 522 rem
280 473 616 530 decumbebat,
652 471 850 537 septima
886 470 964 519 die
979 469 1218 535 judicatus
1241 468 1336 517 est:
1373 487 1445 518 re-

158 548 272 597 cidit
300 547 348 595 in
367 547 587 596 morbum
605 549 657 593 ¹².-

222 702 267 751 5.
306 687 581 744 Mulierem,
621 702 729 751 quae
751 686 1065 735 decumbebat
1083 686 1129 733 in
1149 684 1323 741 littore,
1347 684 1448 747 post

159 760 434 824 Septimam,
476 777 582 810 eam
623 759 764 810 febris
804 760 1021 825 reliquit:
1059 757 1197 807 rediit
1236 758 1282 805 in
1317 774 1448 807 mor—

162 834 344 883 bum¹³.
1022 844 1024 846 ’

221 980 268 1026 6.
306 980 477 1028 Cherio
524 978 738 1045 Septima
763 977 1098 1043 superet-ignit:
1152 996 1263 1028 eum
1309 978 1449 1027 febris

155 1064 292 1100 acuta
316 1053 567 1117 corripuit:
617 1066 717 1100 toto
742 1069 938 1116 corpore
958 1053 1169 1105 sudavit:
1205 1053 1449 1117 judicatus

154 1124 215 1172 est
234 1142 245 1172 :
293 1126 460 1173 recidit
483 1127 530 1172 in
551 1127 771 1188 morbum
794 1127 848 1173 ¹⁴.

220 1288 270 1337 7.
308 1275 612 1332 Adolescens,
641 1274 724 1344 qui
749 1274 1073 1323 decumbebat
1096 1277 1143 1323 in
1164 1278 1287 1325 Foro
1303 1278 1450 1326 Men-

157 1351 368 1408 dacium,
407 1352 621 1414 SeptIma
645 1361 861 1397 mortuus
887 1350 951 1396 est
968 1350 1022 1398 ³⁵.

225 1500 271 1544 8.
311 1495 545 1562 Qaedam
588 1511 646 1542 ex
684 1495 772 1552 his,
802 1511 909 1559 quae
954 1496 1082 1561 apud
1120 1497 1453 1550 PantImedem

157 1570 377 1634 degebat,
417 1568 628 1632 Septima
651 1581 836 1616 mortua
860 1568 924 1616 est
943 1567 994 1618 ²⁶.

225 1731 272 1785 9.
309 1715 476 1763 Altera
500 1732 557 1762 ex
583 1716 750 1763 abortu
776 1716 988 1780 Septima
1007 1719 1041 1743 ¹⁷
1067 1730 1253 1765 mortua
1271 1718 1350 1765 est.

233 1877 308 1910 ιο.
355 1863 452 1926 Qi
478 1862 524 1909 in
550 1863 738 1910 Sutrina
762 1864 1099 1922 decumbebat,
1123 1863 1367 1928 judicatus
1389 1866 1456 1914 est

159 1937 371 2000 Septima
395 1952 505 1982 cum
529 1937 680 2000 rigore
701 1935 754 1986 ¹⁸.

229 2091 247 2125 1
264 2091 304 2121 1.
345 2077 503 2131 Sutor,
529 2076 587 2121 de
612 2091 712 2142 quo
739 2074 866 2132 alibi,
883 2074 1124 2139 judicatus
1145 2077 1208 2124 est
1225 2078 1452 2143 Septima,

155 2149 456 2214 subsequente
478 2150 685 2198 recidiva
699 2154 751 2198 ²⁹.

203 2321 236 2341 ¹2
263 2318 351 2358 Loc.
371 2322 431 2359 cit.

201 2378 233 2404 ¹3
262 2378 602 2430 Loc.cit,s‘e3.iii.
634 2380 750 2431 AEgr.
770 2379 852 2418 xiii.

204 2441 239 2464 ¹⁴
266 2441 379 2492 Epid.
401 2440 470 2477 ΠΙ.
489 2442 582 2490 fist.
605 2439 645 2477 ii.
672 2441 789 2491 AEgr.
809 2453 848 2481 v.

201 2503 232 2527 ¹⁵
263 2501 351 2538 Loc.
376 2505 438 2537 cit.
468 2503 583 2552 AEgr.
604 2500 686 2538 viii.

201 2559 235 2586 ¹⁶
264 2562 352 2598 Loc.
377 2564 438 2597 cit.
460 2563 577 2612 AEgr.
598 2575 638 2598 x.

201 2621 234 2648 ⁸⁷
264 2623 354 2660 Loc.
373 2626 433 2658 cit.
458 2623 573 2673 AEgr.
596 2621 648 2658 xi.

203 2680 235 2706 ¹⁸
264 2683 380 2734 Epid.
395 2683 469 2721 IV.

198 2743 239 2802 ἐξ
263 2741 378 2783 Confi
407 2744 522 2796 AEgr.
540 2742 594 2783 vi.
627 2743 719 2782 Diei
736 2742 809 2785 IV.

1209 2814 1283 2851 12.
1320 2799 1457 2850 Alter
