1932 3319
483 327 573 388 196
711 322 837 371 DE
904 319 1630 371 VIT.PER10D.

544 475 593 516 4.
631 457 842 504 Tametsi
867 455 937 503 his
965 470 1120 518 porro,
1145 452 1306 502 faciles
1327 470 1353 502 a
1374 452 1467 501 levi
1483 463 1770 517 quocunque

478 532 824 579 medicamento
845 529 1130 576 mutationes
1148 525 1590 593 impendant,facile
1603 539 1771 573 eorum

478 605 687 652 fimiliter
707 605 751 650 in
772 603 1012 668 pristinum
1029 604 1175 651 redire
1189 606 1385 651 Naturae
1403 601 1565 658 solent,
1582 613 1773 648 eorum-

478 691 572 741 que
599 677 968 733 consuetudines,
1019 690 1067 724 et
1106 677 1286 740 periodi
1327 676 1456 724 illico
1491 674 1595 739 post
1625 672 1773 722 etiam

477 767 736 809 recurrunt,
763 753 981 807 nihilum,
1019 765 1098 798 aut
1125 753 1204 799 vix
1225 751 1427 799 nihilum
1454 754 1512 797 ab
1537 749 1772 810 affumpto

475 828 824 874 medicamento
851 828 1129 873 immutatae.
1200 826 1386 873 Exinde
1427 823 1638 871 difficiles
1655 820 1773 870 His-

476 901 744 954 tericarum,
772 912 817 943 et
842 898 1388 960 Hypochondriacorum
1419 896 1698 951 sanationes,
1723 906 1774 950 et

478 972 704 1034 Sisiphius
731 986 838 1016 vere
872 970 1178 1016 Medicorum
1216 970 1367 1026 labor,
1410 985 1520 1017 cum
1547 967 1772 1016 flexuosas

474 1044 703 1108 ejusmodi
731 1044 935 1090 Naturas
979 1042 1036 1088 ad
1085 1042 1397 1101 stabilitatem,
1442 1056 1489 1090 et
1529 1041 1773 1090 sanitatem

477 1133 766 1182 componere
800 1117 1088 1164 adlaborant.

545 1282 588 1329 5.
635 1266 838 1313 Contra:
876 1282 969 1312 non
995 1265 1234 1312 modicam
1259 1262 1768 1328 sanguinisjaEturam,

475 1356 520 1387 et
545 1339 776 1387 validiora
820 1342 1180 1388 Medicamenta
1218 1339 1441 1387 inoffense
1485 1339 1638 1386 ferunt
1673 1339 1771 1396 alii,

475 1422 629 1470 neque
663 1420 923 1469 propterea,
972 1408 1124 1454 subito
1158 1407 1335 1463 saltem,
1378 1422 1541 1453 eorum
1576 1407 1770 1455 morbus

473 1493 700 1536 mutatur,
747 1482 874 1543 quod
900 1481 946 1526 in
968 1481 1135 1528 Acutis
1174 1481 1461 1544 potiffimum
1487 1482 1557 1527 fit.
1627 1481 1771 1528 Diffi-

473 1552 564 1598 cile
589 1567 702 1597 vero
726 1553 871 1607 acuti,
915 1566 959 1598 et
985 1551 1145 1615 magni
1185 1553 1339 1599 morbi
1367 1569 1443 1599 eos
1469 1552 1549 1615 qui
1587 1551 1768 1599 debiles

473 1639 519 1671 et
542 1623 868 1670 valetudinarii
913 1625 1015 1672 sunt
1057 1625 1299 1679 obsident3
1348 1626 1584 1689 utriusque
1625 1626 1770 1689 siqui-

473 1697 583 1744 dem
610 1698 905 1753 valetudinis,
933 1699 1295 1762 proportionalis
1315 1700 1533 1763 quaedam
1557 1699 1770 1747 mensura

471 1770 754 1834 plerumque
779 1772 969 1819 constat.

537 1920 583 1967 6.
622 1921 714 1967 Sed
763 1937 873 1968 cum
915 1922 1106 1969 morbus
1146 1921 1193 1968 in
1228 1922 1393 1987 vigore
1437 1920 1595 1981 fuerit,
1641 1923 1766 1971 haud

471 1994 650 2039 multus
669 1994 1122 2041 medicamentorum
1142 1996 1355 2058 potestati
1373 1997 1506 2044 locus
1522 1999 1599 2055 est,
1610 1997 1768 2046 satius-

469 2083 561 2130 que
585 2067 649 2114 est
676 2069 924 2115 Medicum
951 2071 1202 2132 quiescere.
1256 2074 1567 2136 Qamquam
1593 2090 1768 2137 magna

470 2155 624 2186 rerum
642 2157 886 2202 premente
913 2143 1136 2205 angustia,
1161 2158 1347 2208 oportet
1369 2162 1480 2193 eum
1513 2147 1766 2212 aliquando

467 2213 598 2259 Artis
626 2214 796 2261 auxilia
834 2217 1156 2280 interponere:
1194 2219 1274 2266 vix
1299 2219 1471 2266 etenim
1503 2222 1766 2270 consterna·

464 2292 543 2350 *tus
570 2283 684 2326 vitae
724 2282 882 2345 inopia
924 2301 1064 2346 aeger,
1104 2286 1234 2331 aliter
1276 2285 1496 2349 resurget,
1542 2289 1674 2353 quod
1706 2290 1767 2338 de

465 2351 767 2399 mesenterica
786 2364 806 2384 ²
823 2353 950 2403 febre
976 2356 1091 2403 dixit
1116 2358 1378 2420 Baglivius,
1400 2361 1631 2425 multique
1658 2377 1766 2411 ante

467 2441 551 2469 nez
577 2429 819 2490 exempiis,
862 2430 926 2476 sat
952 2431 1127 2487 multis,
1167 2432 1446 2480 ditaverunt.
1510 2433 1636 2483 Inter
1659 2453 1767 2501 quae

468 2499 722 2547 irruentem
747 2521 853 2551 mox
881 2506 1080 2552 Naturae
1106 2506 1357 2571 impetum,
1394 2508 1546 2558 alieno
1571 2509 1763 2561 fundere

704 2710 722 2727 '¹‘
748 2704 859 2756 Bagl.
887 2711 1008 2749 Prax.
1024 2712 1126 2750 Med.
1155 2713 1311 2754 Lib.H.
1335 2712 1494 2766 cap.in-

1652 2780 1761 2831 leco
