1932 3319
406 273 776 325 AEGROT.
845 271 960 320 ET
1031 262 1228 319 SA‘N.
1369 291 1457 325 121

180 407 390 456 simulata
414 424 574 456 eorum
599 407 803 463 oracula,
838 405 912 453 sed
947 420 1056 469 quae
1079 404 1277 468 putabat
1300 420 1463 453 eornm

178 498 338 545 opera,
398 483 632 530 Naturam
679 495 865 543 nempe,
908 479 955 526 in
995 478 1319 541 graviffimum
1356 495 1381 524 a
1421 479 1464 525 se

178 554 449 619 scriptarum
473 573 628 604 rerum
666 553 980 603 testimonium
1005 553 1214 601 adduxit.

246 703 388 751 XVI.
421 705 620 760 Verum,
646 720 702 751 eo
727 703 868 749 etiam
893 712 1089 748 exaratae
1112 699 1171 746 ad
1190 699 1467 750 Theffalum

177 776 382 838 epistolae
436 778 640 834 auctor-e,
683 777 922 832 sciendum
971 775 1035 822 est
1079 790 1384 827 numerorum
1407 787 1468 822 xet

177 850 343 903 calculi
378 851 610 898 doctrinas
635 865 764 899 tanto
786 864 890 898 tum
929 849 975 896 in
1006 850 1181 896 honore
1207 849 1263 895 ad
1290 850 1471 898 institu=

176 924 346 971 endam
373 926 730 973 adolescentiam
755 925 935 973 habitas
965 922 1113 980 fuisse‚
1139 936 1192 969 ut
1228 924 1293 970 nil
1318 926 1470 988 magis

180 998 247 1054 D.
275 999 413 1046 Plato
436 1003 474 1026 ²⁴
515 1000 737 1047 curaviffe
773 998 1004 1053 videatur,
1048 1009 1100 1042 ut
1140 1012 1246 1059 quae
1282 1000 1472 1061 egregia

180 1072 323 1133 essent
377 1073 606 1121 virtutum
648 1071 864 1133 omnium
906 1069 1162 1135 primordia
1210 1070 1254 1116 in
1301 1088 1471 1147 pueros

179 1134 448 1200 t1anfirent3
509 1163 678 1210 nempe
729 1146 860 1209 quod
915 1145 962 1191 id
1009 1159 1157 1207 genus
1206 1144 1472 1192 animorum

180 1220 531 1280 exercitationes
557 1235 749 1268 acutum
775 1219 982 1266 celeriter
1006 1231 1052 1264 et
1076 1218 1373 1281 perspicuum
1399 1219 1471 1267 in-

180 1292 372 1356 genium
401 1294 622 1350 facerent5
657 1294 846 1359 quando
865 1293 1064 1362 quidem
1080 1308 1136 1338 ex
1157 1293 1472 1354 plurimorum

178 1368 316 1414 fimul
350 1385 650 1416 numerorum
681 1367 924 1423 con-eursu²
963 1382 1055 1412 non
1090 1378 1225 1412 antea
1264 1367 1473 1430 praevisa:

184 1442 481 1505 quantitates,
546 1456 803 1504 eorumque
863 1439 1212 1498 distributiones
1260 1456 1471 1504 repente,

184 1519 364 1572 fierent,
401 1517 572 1582 quibus
610 1515 739 1582 quasi
776 1515 1080 1580 incitamento
1116 1529 1164 1563 et
1186 1517 1362 1580 pabulo
1395 1535 1473 1566 eo-

186 1609 295 1659 rum
337 1593 480 1654 animi
527 1593 797 1641 crescerent.
887 1595 1048 1655 Qare
1090 1591 1135 1654 in
1177 1585 1299 1639 hunc
1340 1594 1475 1641 usum

181 1666 336 1713 varios
361 1667 564 1714 ordinari
603 1683 855 1731 puerorum
891 1666 1031 1722 lusus,
1074 1665 1240 1730 eosque
1282 1670 1476 1731 publica

180 1741 286 1803 lege
312 1741 520 1788 constare
540 1741 712 1797 voluit,
756 1739 929 1786 sci-licet
943 1753 995 1785 ut
1014 1755 1207 1787 coronas
1233 1755 1311 1787 aut
1330 1759 1476 1805 poma

181 1815 212 1878 ii
234 1815 374 1860 modo
394 1815 676 1870 dividerent,
699 1814 844 1863 modo
859 1814 1148 1878 copularent,
1177 1816 1319 1862 modo
1339 1818 1474 1879 super

181 1890 491 1951 imponerent,
537 1902 614 1936 aut
634 1901 798 1940 contra
845 1888 1051 1934 invicem
1090 1902 1274 1934 mutato
1310 1891 1474 1947 ordine

182 1962 415 2009 sisterent:
456 1964 563 2010 inde
589 1963 718 2010 enim
759 1963 1039 2009 excellentes
1066 1962 1112 2008 in
1141 1963 1342 2009 Taffica
1387 1964 1474 2011 ali·

184 2036 376 2100 quando
415 2037 678 2098 prodituros
741 2036 902 2082 heroas
945 2036 1270 2098 augurabatur,
1328 2053 1477 2101 eaque

184 2111 374 2174 egregia
417 2111 795 2157 castramentandi
857 2111 1160 2174 imposterum
1214 2110 1478 2161 rudimenta

184 2186 410 2254 putabatq
445 2202 549 2250 quae
575 2186 743 2231 cuncla
778 2185 950 2249 absque
980 2186 1078 2232 ullo
1104 2181 1476 2249 Pythagoreismi

186 2259 337 2323 studio
374 2260 622 2305 Platonem
649 2259 945 2306 inculcaviffe
969 2260 1192 2307 credibile
1217 2258 1294 2307 est.
1364 2265 1474 2325 Jam

185 2350 296 2397 vero
322 2333 351 2379 fi
390 2333 463 2378 cui
501 2349 711 2396 unquam
751 2332 836 2378 arti
871 2349 927 2378 ex
950 2333 1078 2380 varia
1119 2336 1476 2389 concurfionum

188 2421 234 2468 et
253 2402 657 2452 combinationum
673 2405 884 2451 doctrina
901 2407 1237 2468 proficiendum
1259 2410 1336 2466 est,
1358 2409 1475 2467 eius-

191 2479 319 2547 modi
359 2477 672 2542 Medicinam,
714 2477 931 2525 omnium
965 2479 1116 2537 instar,
1153 2481 1331 2541 censeo,
1369 2467 1476 2548 ἔμιξε

570 2693 607 2741 {4
634 2693 677 2729 In
691 2692 778 2732 Lib.
798 2695 839 2731 de
858 2692 984 2744 Legib·
1003 2694 1099 2734 VH,

1321 2781 1396 2812 om
1405 2766 1475 2815 nis
