1932 3319
411 274 779 326 AEGROT.
832 272 950 322 ET
1009 273 1207 322 SAN.
1352 285 1440 338 171

160 408 458 474 gonorrhoiei
480 411 630 458 fluxus
654 426 765 458 mox
785 403 1067 455 subsecuturi
1104 404 1249 467 signa.
1303 406 1453 451 Mane

158 485 259 548 post
282 501 446 533 mueus
469 503 526 533 ex
550 486 736 533 urethra
761 484 935 547 spiffus,
960 480 1214 535 catarrhu5‚
1256 492 1301 526 et
1326 480 1455 542 quast

163 558 358 621 limphae
407 561 661 621 coagulum
683 576 694 604 ε
741 557 946 622 vespere,
987 555 1124 602 tertio
1147 570 1316 616 nempe
1363 554 1457 609 die,

160 648 250 695 pus
274 633 640 695 gonorrhoicum
663 647 855 697 purum.
916 629 1171 693 Saepiffime
1195 641 1336 685 certe,
1363 641 1457 674 ter-

163 705 232 753 tio
256 721 334 753 aut
357 720 527 771 quarto
568 720 646 753 aut
682 706 879 768 septimo
907 705 1000 760 die,
1039 702 1156 750 illati
1181 702 1306 750 virus
1331 702 1461 765 figna

162 773 431 836 prodeunt:
479 789 582 818 raro
623 772 844 834 exemplo
885 771 930 818 in
955 771 1208 819 Decimam
1245 783 1460 832 quartam

163 846 527 908 protrahuntur:
577 845 682 891 finis
716 862 906 908 quoque
935 843 1088 892 morbi
1115 844 1392 907 plerumque
1412 838 1465 889 in*

163 920 349 982 Qarta
367 917 549 964 decima
569 933 648 965 aut
665 919 866 966 Decima
884 918 1083 980 septima
1102 917 1267 964 incidit
1288 919 1339 963 Ὀ.
1366 920 1462 964 Ar-

164 991 298 1037 dores
324 989 485 1037 saltem
503 991 719 1048 urethrae,
766 1002 813 1036 et
830 990 941 1036 colli
962 990 1125 1036 veslcae
1147 989 1265 1036 inter
1283 988 1461 1034 meien-

169 1065 303 1120 dum,
321 1065 422 1127 post
442 1065 525 1111 hos
546 1065 642 1111 dies
665 1063 894 1128 compesci
913 1064 1076 1122 solent,
1101 1064 1179 1126 qui
1200 1063 1464 1126 gravissime

167 1135 382 1200 Septima
401 1150 447 1184 et
473 1137 763 1193 Undecima,
784 1136 866 1183 sub
884 1136 1070 1183 noetem
1095 1136 1362 1198 praesertim,
1391 1134 1462 1179 in-

170 1223 362 1272 gruunt.
435 1210 631 1258 Rariora
657 1209 775 1266 sunt,
817 1226 923 1273 quae
946 1210 1004 1256 de.
1029 1208 1268 1272 protraffls
1308 1209 1365 1254 ad
1391 1208 1466 1255 sex

168 1282 311 1346 usque
334 1283 671 1338 hebdomadas,
718 1283 889 1345 sexque
914 1283 1056 1329 etiam
1088 1284 1265 1329 menses
1294 1282 1467 1345 recepti

171 1356 300 1404 virus
329 1358 503 1404 inditiis
529 1357 885 1420 prodeuntibus,
929 1374 1076 1420 nuper
1101 1358 1158 1403 ab
1185 1358 1293 1419 Joh.
1323 1358 1468 1403 Hun-

165 1445 287 1488 tero,
339 1446 385 1481 et
410 1432 714 1505 Kruikshank
740 1432 962 1494 evulgata
988 1432 1108 1480 sunt.

243 1581 324 1629 30.
362 1565 471 1626 Jam
497 1582 653 1628 porro,
690 1582 797 1630 quae
822 1565 878 1612 de
899 1566 1074 1612 morbis
1101 1566 1322 1622 diximus,
1349 1581 1471 1629 quo-

176 1655 281 1687 rum
301 1639 585 1688 manifestior
603 1639 666 1686 est
686 1639 889 1702 contagii
910 1640 1144 1696 materies,
1173 1640 1229 1685 ad
1255 1657 1332 1686 eos
1348 1640 1472 1703 pari·

179 1728 249 1760 ter
285 1713 533 1775 pertinent,
582 1728 786 1776 quorum
826 1712 1035 1759 subtilius
1078 1712 1285 1768 miasma,
1347 1713 1475 1776 quod

177 1786 349 1833 dicitur
411 1786 454 1831 in
498 1785 892 1848 Epidemieorum
954 1786 1202 1849 plerisque,
1264 1786 1476 1833 sensuum

179 1859 386 1906 acutiem
411 1857 613 1920 effugit3
656 1858 837 1904 tametfi
869 1875 962 1904 non
1000 1859 1045 1904 in
1091 1860 1310 1905 omnibus
1349 1861 1476 1907 idem

180 1939 410 1991 perpetuo
450 1925 502 1970 s1t
527 1924 832 1987 periodorum
860 1940 1004 1970 nexus
1028 1938 1075 1970 et
1101 1926 1267 1971 modus
1293 1943 1303 1971 :
1346 1927 1473 1989 quod

183 1996 376 2044 inferius
417 1996 733 2043 differendum
782 1996 859 2043 est.
954 1997 1108 2044 Modo
1153 1998 1210 2043 ad
1250 2014 1327 2043 eos
1374 2016 1476 2061 per-

183 2087 367 2135 gamus,
416 2071 496 2132 qui
536 2086 759 2132 magnam
786 2070 948 2117 saltem
981 2086 1158 2133 partem
1188 2071 1357 2135 absque
1382 2074 1480 2119 ulla.

186 2143 371 2207 proprie
397 2142 455 2187 sic
481 2141 607 2187 dieta
640 2142 860 2196 morbificcz
887 2146 1067 2190 materie
1092 2144 1223 2199 fiunt,
1271 2145 1477 2206 penitus-

187 2232 280 2280 que
298 2232 323 2262 a
346 2214 552 2270 stimulo,
575 2228 652 2260 aut
672 2214 774 2260 laesa
794 2216 967 2264 alieubi
988 2217 1186 2263 naturali
1207 2217 1478 2265 Solidorum

185 2290 252 2346 vi,
300 2303 346 2336 et
370 2289 550 2336 actione
574 2289 855 2352 procedunt.

237 2486 272 2504 ¹0
298 2479 458 2522 Confer.
484 2496 572 2534 quae
589 2481 679 2520 scite
698 2482 743 2522 de
764 2482 886 2522 morbi
916 2482 1108 2524 sanatione
1139 2497 1262 2536 nuper
1279 2483 1378 2530 inter
1395 2485 1487 2524 alios

185 2543 323 2595 scripsit
343 2545 383 2585 S.
399 2544 442 2584 F.
459 2543 664 2585 Simmons.

1292 2746 1485 2796 CAP.
