1932 3319
473 275 844 340 AEGROT.
902 272 1028 338 ET
1089 285 1284 337 SAN.
1422 301 1528 352 1115

240 424 395 473 fn'orbi
412 424 522 474 solvi
543 438 776 489 poterant,
801 437 846 470 et
864 425 910 472 in
934 421 1317 489 periculofiffimis
1338 436 1528 484 quoque

241 497 450 547 febribus
478 516 593 546 anne
618 511 782 564 quarta
805 497 902 544 dies
944 508 1171 562 perpetuo
1210 508 1311 541 tuta
1337 510 1418 557 pro
1441 495 1525 540 ad-

241 572 541 621 ministrando
586 573 693 619 cibo
716 572 731 618 ?
791 571 927 618 Nihil
975 583 1098 617 certe
1142 568 1312 615 horum
1357 567 1533 630 ubique

241 652 542 711 ¹perpetuum,
580 646 803 710 nullaque
829 647 891 692 est
919 646 962 692 in
989 643 1125 692 tertio
1152 648 1426 708 aut—quarto
1458 643 1534 689 die

198 775 203 777 Δ
242 721 451 769 absoluta
475 735 521 769 et
556 721 806 769 universim
845 720 1051 767 constans
1076 718 1288 766 adversus
1312 717 1534 764 morbum

237 788 461 858 potestas.
533 795 624 840 Sed
653 807 699 841 et
724 793 902 849 Celi‘im,
941 793 1020 856 qui
1039 792 1146 856 jure
1172 791 1444 854 repudiatos
1478 790 1536 837 ab

222 867 524 932 ·Asclepiade
568 867 751 916 criticos
775 868 872 914 dies
888 866 1138 931 judicavit,
1175 866 1347 913 fatetur
1364 878 1538 921 tamen,

244 943 556 989 'recentiorum
575 941 726 988 aetatis
747 940 836 988 suae
856 941 1169 988 consentiente
1185 939 1388 1004 judicio,
1410 939 1541 1001 Hip-

246 1022 491 1082 pocratem'
515 1016 731 1063 omnium
759 1016 937 1079 optime
962 1016 1019 1062 de
1053 1016 1328 1062 morborum
1369 1013 1539 1060 finibus

249 1089 524 1153 praesagiffe,
585 1105 785 1151 eamque
833 1088 1057 1135 doetrinae
1098 1102 1280 1152 partem
1325 1087 1546 1134 inmotam

252 1164 377 1226 apud
402 1159 466 1209 sui
491 1162 579 1209 aevi
607 1162 834 1209 Medicos
860 1162 1071 1218 extitisse,
1098 1160 1316 1226 quamvis
1341 1161 1386 1207 in
1414 1177 1544 1207 cura-

250 1235 460 1282 tionibus
488 1235 704 1298 quaedam
731 1235 1044 1282 mutavissent.
1118 1236 1235 1281 Peto
1261 1250 1383 1280 nunc
1409 1234 1442 1281 fi
1465 1235 1546 1280 de-

247 1308 464 1355 lirantem
491 1308 536 1354 in
560 1323 861 1353 numerorum
885 1307 1113 1369 potestate
1138 1307 1308 1362 virum,
1335 1308 1539 1362 morbo:-

252 1398 358 1428 rum
401 1379 551 1426 exitus
595 1379 898 1440 praenoscere,
936 1393 982 1425 et
1024 1391 1247 1425 eventura
1292 1379 1550 1441 significare

253 1456 378 1518 posse
399 1451 624 1499 credibile
649 1451 726 1499 est.
799 1453 972 1515 Neque
1005 1452 1134 1516 quod
1164 1451 1322 1498 Celsus
1363 1452 1549 1514 scripsit,

250 1524 577 1591 Hippocrataei
616 1525 816 1580 Medici,
845 1527 943 1583 stne
987 1525 1079 1572 ulla
1104 1525 1329 1588 probabili
1361 1529 1544 1582 ratione,

255 1602 313 1648 ab
338 1599 594 1647 undecimo
619 1598 714 1654 die,
758 1615 848 1644 non
875 1599 935 1644 ad
967 1600 1154 1646 tertium
1179 1599 1436 1657 decimum,
1474 1600 1553 1647 sed

258 1675 316 1723 ad
340 1688 562 1739 quartum
587 1672 825 1720 decimum
844 1672 1122 1722 transibant:
1159 1673 1190 1720 ii
1227 1674 1402 1721 etenim
1437 1691 1552 1739 pro·

251 1879 369 1918 Conf.
401 1878 489 1917 Lib.
509 1882 568 1916 cit‘.
593 1888 751 1931 cap.xv.
798 1876 872 1916 Sed
891 1877 1057 1928 phu-ima
1086 1878 1292 1917 universim
1318 1879 1432 1917 tridui
1462 1886 1566 1917 rnen-

254 1938 309 1976 tio
329 1937 443 1975 Celso
464 1937 563 1975 facta
582 1937 645 1984 est,
676 1948 719 1974 ut
735 1937 848 1974 fridui
866 1935 998 1974 habita
1018 1936 1166 1974 ratione
1186 1937 1331 1975 vietum
1349 1948 1385 1975 et
1405 1937 1567 1976 medica³=

252 2007 384 2034 menta
402 1997 494 2046 saepe
512 2007 659 2034 mutare
679 1996 718 2034 in
737 1996 891 2042 morbis,
913 1995 992 2045 ejus
1007 1996 1163 2034 consilio
1189 1998 1330 2035 necesse
1351 1997 1451 2035 effet-
1506 1997 1568 2036 Sic

252 2057 294 2096 in
316 2056 421 2107 regio
437 2058 572 2094 morbo
598 2057 763 2106 primum
780 2066 815 2093 et
830 2056 1036 2094 secundum
1063 2058 1218 2094 triduum
1249 2057 1319 2095 rite
1340 2057 1565 2108 distinguit;

253 2109 474 2160 pariterque
513 2111 626 2146 tridui
657 2108 971 2155 observationem,
1013 2120 1222 2161 antequam
1253 2110 1298 2147 ad
1334 2109 1572 2160 operandum

253 2167 477 2217 Chirurgus
493 2165 682 2211 deveniat,
696 2167 874 2218 proponit
889 2184 898 2213 ;
933 2182 1054 2220 eaque
1070 2169 1228 2217 ratione,
1246 2181 1334 2207 ante
1349 2169 1569 2209 incisionem

256 2225 529 2272 testiculorum,
552 2239 620 2275 per
638 2227 794 2263 triduum
814 2225 1006 2264 hominem
1021 2241 1160 2279 aquam
1175 2228 1318 2275 bibere,
1350 2239 1432 2266 tum
1449 2229 1571 2279 pridie

233 2281 237 2285 ⁸
257 2299 280 2323 a
294 2285 381 2323 cibo
400 2285 729 2336 abstiiicre.jubet:
761 2286 874 2324 Conf.
895 2287 982 2325 Lib.
1005 2288 1100 2326 VII.
1129 2298 1206 2341 cap.
1226 2288 1308 2327 xix.
1340 2286 1439 2328 Puto
1458 2289 1575 2329 etiam

255 2348 303 2385 ad
323 2347 611 2399 antiquiffimam
639 2349 739 2385 hanc
770 2350 884 2385 tridui
912 2348 951 2386 in
978 2350 1175 2388 Medicina
1204 2351 1378 2401 regulam
1398 2362 1568 2391 veterem

255 2405 361 2444 illam
387 2405 650 2458 AEgiptiorum
681 2408 804 2457 legem
830 2407 1031 2458 pertinere,
1062 2423 1140 2462 qua
1155 2408 1329 2449 ex'Diod.
1344 2411 1463 2450 Siculi
1480 2427 1567 2451 nai·-

259 2465 419 2512 ratione,
449 2466 536 2504 Liba
553 2466 607 2503 ΙΙ.
636 2475 712 2518 cap.
734 2466 788 2504 iii.
809 2477 964 2505 cautum
984 2469 1124 2517 fuerat,
1153 2484 1199 2509 ne
1220 2471 1307 2524 quis
1337 2472 1576 2512 Medicinam

257 2527 363 2565 secus
384 2528 430 2566 ab
452 2526 682 2565 Hermeticis
703 2527 808 2565 libris
829 2528 973 2566 faceret
997 2540 1083 2568 ante
1098 2542 1280 2583 quartum
1301 2533 1424 2571 morbi
1449 2533 1573 2582 diem;

262 2602 379 2639 quem
397 2588 434 2625 in
455 2589 609 2632 modum
628 2589 851 2627 Aristotcles
868 2589 1060 2629 laudatam
1074 2592 1197 2643 legem
1215 2592 1487 2644 interpretatus
1508 2595 1575 2633 est.

260 2649 399 2688 Fuerat
418 2663 579 2701 quoque
597 2649 784 2688 ternarius
802 2663 983 2688 numerus
1002 2651 1041 2690 in
1055 2652 1306 2695 Chinenfium
1327 2653 1575 2705 Philosophia.

262 2710 374 2750 valde
390 2708 563 2750 celebris.
595 2708 712 2750 Conf.
740 2711 877 2763 Diderj.
896 2709 998 2749 Phil.
1018 2713 1086 2753 desa
1106 2712 1211 2756 Chia.

846 2770 866 2816 I
907 2786 933 2827 2>=
1375 2771 1579 2836 positum
