1975 3343
440 695 873 759 LECT.
1001 693 1300 759 SAL.

210 1051 253 1105 I.
442 1048 591 1102 UID
619 1049 850 1122 etquale
878 1049 935 1100 fit
966 1048 1170 1101 dicendi
1196 1048 1537 1119 propositum,

474 1159 592 1209 quae
617 1139 870 1192 scribendi
897 1140 1028 1192 ratio
1054 1141 1112 1191 fit
1140 1153 1190 1192 et
1217 1140 1360 1202 ordo,
1407 1159 1539 1211 pau-

215 1229 286 1280 cis
325 1227 631 1296 praeloquar.

285 1391 357 1442 ΙΙ.
398 1391 482 1441 De
504 1387 630 1441 Vita
651 1387 705 1440 in
724 1385 1025 1440 universum
1049 1372 1351 1442 scribimus:
1379 1409 1543 1465 eaque

213 1497 338 1532 cum
399 1476 530 1528 datis
609 1475 922 1549 quibusdam
984 1477 1241 1529 Motuum
1306 1479 1541 1534 Seriebus

213 1571 386 1626 omnis
431 1569 726 1632 intertexta,
781 1584 831 1623 et
868 1571 1150 1640 composita
1196 1571 1275 1636 fit,
1331 1574 1385 1625 in
1431 1578 1542 1646 ejus

213 1662 466 1714 Motuum
504 1658 726 1729 regulas,
779 1656 1132 1719 succeffiones,
1174 1672 1226 1711 et
1272 1660 1543 1729 circuitus,

216 1764 267 1803 et
297 1752 400 1802 fere
437 1748 596 1800 etiam
623 1748 885 1820 Principia
924 1749 1275 1821 inquirimus:
1319 1753 1380 1802 ad
1408 1774 1544 1825 quo-

218 1863 336 1896 rum
357 1841 695 1912 postremum,
725 1842 1023 1896 antehabita
1043 1847 1446 1914 praecedentium
1464 1850 1544 1902 inm

217 1933 550 2005 vestigatione
577 1931 953 1988 descendimus.

292 2099 386 2150 III.
428 2099 634 2152 Verum
675 2101 815 2153 enim
862 2120 985 2153 cum
1012 2102 1154 2155 Vitae
1187 2105 1388 2170 Motus,
1427 2127 1545 2177 pcr-

224 2185 390 2237 stante
434 2185 645 2251 Morbo,
708 2189 1011 2258 irregulares
1063 2190 1290 2258 impetus
1337 2191 1546 2263 suscipi-

224 2289 334 2339 ant,
364 2288 728 2349 quantumque
756 2277 944 2329 alicubi
972 2279 1324 2342 debilitantur,
1372 2282 1546 2335 inten-

224 2370 324 2422 sius
352 2384 626 2422 exerantur
652 2371 794 2435 alibi,
819 2370 986 2424 visum
1012 2372 1083 2425 est
1109 2394 1213 2437 eos,
1243 2376 1549 2449 priusquam

226 2463 280 2514 in
322 2462 473 2525 sanis,
502 2464 555 2516 in
584 2466 952 2536 aegrotantibus
983 2470 1360 2539 contemplari:
1407 2472 1547 2541 quod

229 2551 354 2603 fecit
400 2566 517 2606 ante
570 2573 662 2606 nos
707 2555 920 2606 fortassis
966 2576 1142 2609 nemo.
1222 2559 1281 2609 Id
1317 2561 1548 2629 profecto

230 2641 448 2714 integrae
472 2645 780 2701 valetudinis
827 2647 1094 2718 proprium
1140 2647 1230 2714 est,
1280 2662 1340 2701 ut
1383 2649 1552 2700 debita

942 2741 949 2748 '
1299 2739 1550 2792 secretione
