1932 3319
367 229 736 280 AEGROT.
795 227 910 275 ET
972 223 1169 272 SAN.
1347 235 1399 286 ις

121 352 322 421 plurima
362 362 664 406 vomuerunt,
701 347 996 402 sudaverunt,
1035 344 1208 391 fluente
1225 339 1412 404 judica-

125 427 245 476 torio
268 427 342 475 die
368 443 393 473 e
420 425 610 473 naribus
634 422 875 486 sanguine,
898 421 1219 468 occubuerunt
1242 431 1415 473 tamen,

121 500 530 566 quemadmodum
555 498 739 547 mulieri
781 496 971 552 accidi-t,
1014 510 1124 558 quae
1156 491 1417 539 decumbe-

123 580 205 625 bat
242 578 288 624 in
314 578 438 625 Foro
464 574 724 624 Mendacii.
795 572 1084 619 Morborum
1132 583 1323 633 quoque
1366 582 1420 612 ea

118 651 319 716 judicia,
344 668 450 716 quae
469 651 527 697 ad
550 651 656 711 lrfim
678 648 752 695 seu
771 646 1053 694 solutionem
1070 645 1286 693 technica
1304 659 1423 689 voce
1442 642 1447 643 ⁷

128 726 328 774 Praeti&
368 724 589 779 referunt,
634 736 736 770 tum
760 738 868 786 quae
909 723 968 769 ad
1002 722 1207 769 acrifiam
1230 718 1426 766 omnino

128 798 355 863 spectant,
391 798 510 845 vidit
528 798 750 861 pcrsaepe,
777 809 822 841 et
838 796 1076 860 descripsit
1097 813 1107 843 :
1145 796 1205 842 de
1222 793 1292 840 his
1317 808 1426 838 om-

130 873 269 921 nibus
292 870 567 936 singillatim
596 872 676 919 suo
702 872 809 919 loco
833 870 1009 918 dicam.

201 1033 247 1082 5.
287 1018 379 1066 Sed
395 1017 458 1064 ”et
481 1017 841 1085 statesquaedam
885 1017 1161 1065 morborum
1197 1030 1428 1078 tempora,

132 1107 241 1157 quae
285 1091 616 1138 ordinatissime
664 1105 829 1140 natura
870 1092 1100 1138 custodire
1149 1090 1282 1145 solet,
1335 1104 1430 1135 non

136 1164 355 1210 ultimam
404 1163 766 1226 Hippocraticae
808 1164 1040 1211 industriae
1081 1180 1271 1227 operam
1313 1178 1434 1225 prae-

139 1239 300 1287 buere.
373 1240 486 1286 Hac
523 1238 704 1285 ratione
742 1239 991 1286 tertianam
1017 1238 1296 1301 exquifitam
1334 1237 1436 1300 sep-

141 1313 296 1361 tennis
320 1313 377 1360 ad
420 1312 656 1359 summum
704 1312 979 1359 circuitibus
1027 1311 1207 1358 absolvi
1242 1310 1436 1374 scripfit‚

145 1401 308 1435 tetano
333 1399 570 1449 correptos
597 1386 719 1433 intra
742 1401 963 1450 quartum
1006 1385 1133 1432 diem
1158 1386 1438 1449 plerumque

142 1460 293 1509 mori:
320 1460 378 1507 ab
403 1460 569 1523 angina
593 1460 833 1519 liberatos,
857 1459 1080 1507 converso
1107 1460 1166 1506 ad
1191 1460 1441 1523 pulmones

146 1534 335 1590 morb0,
351 1533 528 1597 septem
548 1534 729 1583 dierum
751 1534 996 1582 intervallo
1016 1534 1256 1598 saepiffime
1274 1535 1441 1598 perire,

145 1625 351 1674 eumque
375 1609 407 1655 fi
429 1609 685 1673 effugerint
710 1611 982 1669 terminum,
1030 1611 1304 1673 purulentos
1329 1628 1443 1658 eva-

148 1687 288 1735 dere:
327 1686 685 1750 empicmaticos
712 1706 737 1735 a
757 1689 1009 1752 pleuritide
1034 1705 1060 1734 a
1084 1689 1304 1752 ruptione
1328 1689 1447 1737 intra

149 1760 466 1825 quadraginta
480 1761 589 1809 dies
599 1763 772 1810 sursum
785 1777 1010 1828 purgatos
1021 1763 1225 1821 liberari,
1237 1765 1445 1828 alioquin

152 1836 260 1883 tabe
297 1836 610 1885 marcescere:
679 1840 850 1903 quibus
904 1841 1149 1887 cerebrum
1198 1840 1448 1889 fideratum

151 1909 215 1956 est
252 1908 372 1958 intra
402 1924 493 1957 tres
538 1911 636 1959 dies
684 1913 889 1969 interire,
950 1913 1070 1961 ultra
1117 1930 1228 1961 vero
1270 1913 1446 1962 sanari:

153 1998 359 2047 quorum
399 1985 622 2049 pleraque
657 1987 738 2033 etfi
769 1987 889 2050 saepe
939 1987 1151 2034 similiter
1191 1988 1449 2037 etiamnum

157 2058 286 2114 fiant,
332 2058 413 2106 sub
434 2076 488 2106 ea
524 2072 681 2108 tamen
705 2062 916 2109 universa
941 2063 1115 2109 cadunt
1140 2064 1450 2127 Hippocrati-

158 2147 324 2179 corum
369 2133 646 2198 scriptorum
687 2136 810 2199 lege,
858 2153 1004 2200 quam
1052 2139 1134 2201 (3)
1193 2138 1328 2202 supra
1381 2141 1452 2187 in·

161 2223 369 2256 nuimus.

230 2359 278 2407 6.
322 2358 482 2406 Modo
507 2360 736 2423 quoniam
764 2378 821 2408 ex
840 2361 1040 2410 historiis
1065 2362 1457 2426 Epidemicorum

166 2433 539 2499 Hippocraticas
564 2435 836 2486 criticorum
863 2439 1049 2488 dierum
1072 2441 1307 2505 periodos,
1334 2455 1457 2488 tam-

166 2525 314 2575 quam
346 2528 404 2560 ex
448 2515 717 2578 antiquiori,
759 2517 840 2581 qui
867 2534 923 2564 ex
950 2518 1198 2566 hominum
1231 2522 1460 2581 memoria

168 2583 372 2650 ²superfit,
410 2600 455 2636 et
479 2601 759 2648 caeterorum
799 2607 1210 2660 quorumcumque
1239 2595 1459 2661 praestan-

1288 2669 1459 2716 tiffimo
