1932 3319
324 246 734 296 AEGROT.
809 243 936 291 ET
1009 243 1228 289 SAN.
1370 256 1429 309 47

141 365 267 412 diem
289 365 436 424 cadit,
463 363 646 411 facilius
673 378 830 411 tamen
857 361 903 408 in
938 361 1144 408 tertiam.
1216 359 1265 406 A
1289 361 1444 405 vario-

139 439 287 485 larum
316 438 531 485 infitiore
574 439 692 502 saepe
730 451 899 500 quarta
937 436 1015 482 die
1054 435 1247 482 morbus
1287 433 1441 496 primo

138 510 383 577 prodit¹⁰:
432 512 673 578 sequentia
717 528 775 558 ex
818 511 1122 576 Hippocrate
1160 509 1251 556 huc
1293 509 1445 571 perti-

143 597 271 631 nent.

73 796 76 797 ⁷
216 749 257 778 1.
284 730 511 794 Aglaidae
529 731 595 777 fil.
624 747 681 778 ex
707 731 863 778 morbi
887 730 1167 796 repetitione
1184 729 1260 777 die
1283 739 1452 793 quarta

133 805 350 869 judicata
373 806 499 854 est¹⁷.

213 971 260 1005 2.
282 957 577 1005 Phreniticus
598 958 794 1022 quidam
814 972 1027 1006 mortuus
1044 958 1107 1006 est
1122 969 1293 1022 quarta
1310 955 1387 1003 die
1401 953 1451 1001 ¹⁸.

206 1114 253 1160 3.
281 1099 460 1146 Calvus
491 1099 537 1146 in
554 1101 735 1148 Lai-iffa
760 1115 923 1165 quarta
947 1101 1023 1149 die
1051 1101 1176 1148 eirca
1201 1097 1450 1149 meridiem

144 1175 208 1221 est
227 1189 441 1222 mortuus
457 1177 509 1222 ¹⁹.
676 1181 679 1184 ’

212 1341 261 1383 4.
301 1323 506 1372 Abderae
533 1322 738 1369 Pericles
757 1336 926 1386 quarta
959 1323 1038 1368 die
1063 1335 1147 1385 per
1172 1336 1326 1370 totum
1351 1343 1455 1372 cor-

149 1417 239 1464 pus
265 1399 462 1454 sudavit,
490 1413 537 1444 et
577 1397 705 1444 febre
737 1397 980 1461 judicatus
1016 1399 1097 1455 est,
1141 1416 1227 1447 nec
1265 1402 1456 1449 morbus

149 1477 358 1524 rediit⁸⁰.
429 1477 483 1523 In
512 1473 803 1530 Phrenitico‚
831 1475 1004 1530 Calvo,
1043 1488 1089 1520 et
1122 1475 1319 1534 Pericle,
1346 1495 1455 1526 exa-

148 1549 441 1597 cerbationes
467 1547 683 1595 seeundae
707 1547 800 1594 diei
826 1547 1120 1612 graviffimae.

220 1714 266 1763 5.
305 1698 596 1762 Apollonius
640 1698 851 1746 Abderae
892 1697 993 1762 post
1018 1699 1256 1762 vigesimae
1281 1714 1461 1766 quartae

142 1774 402 1840 judicium,
447 1773 683 1837 trigesima
712 1774 789 1821 die
832 1775 982 1821 rursus
1022 1788 1157 1821 acuta
1194 1774 1324 1824 febre
1352 1793 1459 1825 cor-

150 1851 319 1914 ripitur
342 1869 352 1897 :
381 1850 617 1913 trigesima
641 1862 687 1896 et
706 1862 874 1912 quarta
898 1862 1112 1896 mortuus
1139 1850 1268 1899 est²¹.

214 1998 261 2043 6.
305 1998 444 2043 Sutor
462 1994 657 2058 quidarfi
679 1994 1168 2059 Septimajudicatus:
1196 2013 1289 2043 una
1315 1996 1454 2046 inter·

152 2071 286 2120 missa
309 2070 450 2116 altera
477 2071 618 2117 rediit
638 2092 651 2124 ς
680 2069 832 2116 rursus
860 2072 1045 2135 Qarta
1061 2068 1306 2132 judicatus
1329 2072 1457 2120 est2'.

203 2226 236 2248 ¹⁶
266 2224 381 2262 Conf.
402 2239 488 2276 quae
509 2225 555 2262 de
574 2223 756 2262 consensu
778 2223 1029 2263 Periodorum
1050 2224 1229 2263 vitalium
1255 2225 1293 2264 in
1316 2227 1466 2266 Morbis

146 2299 234 2323 cum
251 2283 572 2334 Pithagoreorum
594 2281 767 2320 doftrina
786 2283 827 2320 in
848 2283 901 2321 II.
931 2283 1016 2322 Par.
1046 2283 1132 2321 Lib.
1155 2285 1186 2322 I.
1203 2284 1387 2324 diximus.

204 2349 236 2371 ¹⁷
265 2346 378 2396 Episl.
408 2345 438 2382 Ι.
457 2347 550 2397 staff.
571 2343 610 2382 ii.
639 2344 692 2393 st.
712 2344 767 2382 iii.

203 2405 234 2427 ¹⁸
266 2404 587 2455 Ep1·d.111.s22-7.
615 2403 654 2442 ii.
687 2408 804 2459 AEgr.
824 2404 876 2445 iv.

203 2465 236 2488 ¹9
264 2463 354 2500 Loc.
373 2466 434 2500 cit.
465 2464 579 2514 AEgr.
605 2478 641 2501 V.

200 2525 238 2545 ²0
266 2524 356 2559 Loc.
375 2525 437 2560 cit.
467 2524 584 2573 AEgr.
606 2523 656 2561 vi.

201 2586 234 2604 ²¹
265 2584 352 2620 Loc.
368 2587 426 2619 cit.
457 2584 572 2635 sEgr.
593 2583 676 2623 xiii,

146 2636 158 2644 ⁸
203 2648 243 2668 2²
270 2644 383 2697 Epid.
408 2644 483 2682 IV.

137 2703 169 2713 v·-

1196 2722 1247 2770 7.
1285 2709 1459 2757 Rursus
