1932 3319
448 294 549 352 164
700 287 815 340 DE
870 285 1056 338 VIT.
1115 281 1504 334 PERIOD.

473 442 651 475 novum
678 425 786 472 vitae
811 439 956 488 genus
976 420 1181 484 degitur,
1206 431 1454 480 totumque
1477 415 1756 463 immutatur

474 517 675 565 corpus:
715 499 823 546 inde
867 515 893 545 a
928 495 1132 550 variolis,
1173 492 1395 540 morbum
1434 491 1604 537 iterum
1628 488 1673 536 in
1712 486 1756 533 se

473 574 728 638 recipiendi
753 571 1024 620 facultatem
1062 567 1312 615 univerfim
1353 563 1526 612 animal
1564 561 1755 609 ammit—

473 648 561 696 tit:
594 665 678 694 nec
705 646 890 710 proprie
915 641 1196 691 variolosum
1221 639 1413 688 miasma
1436 637 1476 685 ei
1503 637 1758 685 morbificae

473 720 683 766 materiei
726 720 833 765 loco
876 717 1077 780 amplius
1119 715 1214 762 est:
1253 713 1466 760 uberiora
1504 711 1758 776 suppetunt

472 793 698 857 ejusmodi
724 795 938 857 exempla
979 792 1025 838 in
1057 803 1248 838 aetatum
1274 786 1688 836 conversionibus.

544 958 622 1003 19.
658 941 787 1003 Ergo
816 957 840 984 a
865 939 1034 985 morbo
1061 938 1117 983 ad
1159 937 1371 990 salutem,
1418 934 1762 999 cujuscumque⁴

472 1011 669 1060 demum
696 1013 851 1059 census
889 1011 1080 1058 morbus
1116 1008 1272 1064 fuerit,
1304 1007 1549 1055 intercedit
1571 1010 1756 1072 regula-

473 1087 534 1134 ris
554 1088 771 1151 quaedam
799 1099 1013 1132 motuum
1033 1083 1182 1139 series,
1208 1099 1411 1148 quorum
1432 1081 1755 1141 incitamento,

472 1174 520 1207 et
544 1161 610 1219 vi,
644 1174 721 1207 aut
745 1158 1012 1223 aegrotantis
1040 1158 1149 1204 Vita
1184 1173 1353 1203 novam
1378 1156 1615 1220 quandam
1650 1173 1754 1205 mo-

472 1246 608 1280 tuum
629 1233 972 1288 succeffionem,
995 1244 1040 1277 et
1061 1230 1411 1293 proportionem
1430 1230 1476 1276 in
1494 1229 1757 1278 universum

472 1310 696 1373 acquirat,
736 1323 816 1355 aut
856 1307 1093 1371 pristinam
1129 1305 1348 1353 inoffensa
1372 1305 1584 1363 retineat,
1619 1305 1759 1371 supe-

472 1394 575 1429 rato
591 1380 786 1446 jamque
813 1381 1004 1428 adverso
1027 1381 1178 1428 morbi
1205 1380 1467 1443 Principio.

542 1542 604 1578 20
630 1531 805 1593 .Qam
831 1529 891 1576 ob
918 1528 1118 1574 cauffam
1143 1527 1304 1575 eadem
1336 1526 1664 1574 chronicorum
1689 1543 1756 1576 at-

471 1618 564 1667 que
591 1616 831 1649 acutorum
859 1602 1131 1649 morborum
1157 1601 1272 1646 ratio
1289 1601 1537 1648 universim
1552 1603 1759 1664 putanda

471 1676 552 1732 est,
589 1677 702 1723 item
726 1676 888 1722 eadem
914 1675 960 1721 in
986 1675 1162 1721 morbis
1205 1674 1288 1736 qui
1314 1691 1406 1720 cum
1429 1677 1648 1732 Materia,
1685 1689 1756 1723 at-

471 1763 566 1810 que
591 1747 636 1794 in
663 1748 735 1804 iis,
774 1748 855 1811 qui
897 1749 1015 1794 fiunt
1037 1748 1131 1807 stne
1152 1748 1358 1793 Materia
1376 1765 1391 1793 .·
1431 1748 1644 1810 Negavit
1666 1748 1756 1796 hoc

469 1819 667 1883 quidem
691 1823 845 1884 quoad
879 1824 1082 1884 primam
1117 1835 1299 1884 partem
1325 1820 1554 1878 Galenus,
1587 1821 1756 1874 Crifim

469 1892 515 1939 in
540 1895 706 1941 Acutis
731 1895 979 1950 dumtaxat
1005 1893 1453 1956 inciderejudicans,
1487 1893 1533 1940 in
1560 1896 1752 1946 mitibus

468 1982 583 2013 vero
622 1981 667 2014 et
692 1967 920 2014 diuturnis
956 1968 1100 2014 solam
1124 1967 1416 2030 aegritudinis
1456 1965 1752 2018 solutionem.

468 2042 681 2090 Tametsi
724 2058 836 2088 vero
884 2042 929 2088 in
972 2043 1190 2088 diuturno
1226 2054 1273 2087 et
1311 2041 1434 2088 lente
1472 2042 1754 2104 procedente

466 2115 650 2170 morbo,
683 2115 1087 2178 perturbationum
1106 2114 1417 2170 vehementia,
1441 2114 1594 2163 minus
1609 2132 1753 2181 quam

468 2187 516 2235 in
541 2189 703 2234 Acuto
730 2202 910 2250 urgeat,
940 2186 1124 2251 judicia
1157 2187 1477 2244 nihilominus,
1517 2188 1610 2236 five
1647 2206 1753 2238 mo-

466 2274 604 2309 tuum
631 2262 949 2308 conversiones
973 2261 1095 2308 statis
1132 2260 1316 2307 dierum
1356 2260 1627 2312 circuitibus
1650 2263 1754 2314 alli·

467 2348 588 2395 gatae
629 2334 836 2381 fimiliter
876 2335 1091 2397 utrinque
1125 2334 1290 2397 praesto
1313 2333 1445 2390 sunt;
1488 2335 1553 2383 ita
1577 2340 1753 2396 tamen,

467 2418 520 2451 ut
543 2406 717 2468 duplex
748 2408 863 2455 illud
885 2407 1078 2454 actionis
1112 2407 1415 2471 principium,
1453 2426 1548 2474 quo
1572 2410 1752 2460 criticas

467 2478 684 2539 periodos
707 2482 906 2528 constare
940 2481 1161 2537 diximus,
1189 2482 1321 2545 quod
1360 2482 1514 2530 minus
1544 2484 1590 2531 in
1613 2484 1750 2532 chro-

470 2550 577 2596 nico
603 2553 768 2599 morbo
794 2554 1040 2601 incitatum
1066 2555 1135 2611 sit,
1172 2555 1348 2603 tardius
1380 2557 1586 2605 similiter
1607 2573 1749 2606 omne

470 2622 744 2671 incrementi
784 2626 979 2677 stadium
1022 2629 1080 2676 ad
1115 2645 1279 2679 acmen
1314 2629 1458 2695 usque
1495 2645 1746 2697 percurrat,

1622 2705 1749 2768 quod
