1932 3319
418 258 788 310 AEGROT.
855 258 974 308 ET
1044 259 1240 308 SAN.
1433 277 1492 329 55

202 377 340 442 hujus
375 376 469 425 diei
506 377 714 442 plurima
755 395 866 427 cum
913 378 1166 427 recidivis:
1212 376 1494 443 judicatoria

201 444 299 493 dies
323 445 529 492 maxime
554 445 602 493 in
628 445 859 496 febribus:
908 446 1061 495 morbi
1096 463 1122 493 a
1145 445 1240 494 bile
1265 446 1353 494 hac
1374 446 1493 510 saepe

201 518 277 568 die
292 516 586 584 judicantur.

263 659 320 706 B.
355 662 426 707 At
456 676 568 708 vero
592 661 748 724 plures
774 659 982 708 tertianae
1004 678 1150 726 quam
1187 660 1399 708 ardentes
1422 659 1492 708 fe-

200 729 305 780 bres
329 746 478 790 erant,
523 747 570 780 et
588 734 858 801 graviores:
895 750 1061 781 verum
1086 733 1300 780 ordinate
1338 733 1384 780 in
1423 732 1495 780 his

196 805 419 852 omnibus
442 822 467 852 a
483 805 637 868 prima
656 807 914 853 acceffione
938 819 1144 869 quatuor
1167 805 1389 851 circuitus
1408 805 1492 850 ha-

197 876 403 938 bebant:
450 879 495 925 in
521 879 696 942 septem
725 892 886 928 autem
919 879 1122 943 perfeete
1138 879 1493 943 judicabantur,

196 968 348 1017 neque
373 946 458 1001 ulli
482 954 652 1001 horum
675 953 865 1002 reversae
890 953 991 1001 sunt
1009 957 1040 1002 ¹.

263 1086 322 1133 C.
363 1087 553 1151 Qibus
579 1105 671 1135 non
705 1088 857 1135 statim
899 1089 958 1135 ab
985 1087 1116 1135 initio
1140 1086 1365 1149 phrenitis
1390 1102 1490 1134 coe-

194 1157 267 1222 pit
291 1159 413 1206 circa
437 1159 622 1206 tertiam
658 1174 736 1207 aut
760 1173 976 1223 quartam
1018 1160 1163 1214 diem,
1212 1158 1289 1205 sed
1326 1159 1491 1205 mode-

194 1244 293 1276 rate
310 1231 546 1278 habebant
565 1232 717 1294 primo
734 1247 964 1296 tempore,
991 1233 1064 1278 his
1087 1233 1209 1279 circa
1230 1232 1492 1298 Septimam

193 1307 390 1355 morbus
413 1309 470 1354 ad
490 1323 654 1354 acmen
673 1311 690 1330 ²
715 1308 903 1354 transiit.

257 1447 325 1494 D.
363 1445 627 1492 Tuffientcs
668 1459 715 1493 et
753 1444 937 1510 insuper
965 1443 1215 1493 febrientes
1240 1445 1488 1492 tubercula

191 1519 252 1568 ad
283 1536 413 1567 aures
447 1521 699 1578 habebant,
747 1520 1039 1585 erumpentia
1077 1521 1199 1567 circa
1224 1519 1486 1583 septimam,

189 1606 237 1643 et
260 1594 475 1642 ofitavam
498 1595 626 1642 diem
643 1598 677 1644 ὅ.

259 1735 318 1781 Ε.
358 1736 532 1782 Febres
577 1734 840 1782 sudoriferae
879 1735 979 1798 post
1005 1734 1188 1780 Canem
1228 1733 1391 1796 paucis
1440 1734 1488 1780 in

189 1810 415 1873 Septima,
456 1824 503 1857 et
527 1812 672 1859 Nona
719 1811 1004 1865 detinebant,
1066 1809 1165 1855 aliis
1192 1809 1482 1866 Undecima,

189 1883 389 1933 Decima
413 1899 599 1948 quarta,
645 1898 689 1931 et
707 1885 910 1932 Decima
930 1884 1122 1947 septima
1142 1892 1183 1929 4.

255 2033 311 2078 F.
346 2033 401 2080 In
426 2033 632 2096 quadam
659 2033 997 2081 Constitutione
1022 2029 1184 2094 paucis
1220 2030 1266 2076 in
1306 2028 1483 2093 septem

191 2122 236 2156 et
260 2124 430 2154 novem
456 2108 622 2154 diebus
647 2110 801 2156 morbi
827 2109 1061 2155 ceffabant
1077 2108 1110 2152 ⁵.

256 2249 319 2296 G.
358 2249 589 2295 Praeterea
613 2245 723 2294 alibi
750 2248 809 2294 de
834 2246 962 2294 fatali
991 2245 1216 2309 Septimae
1232 2243 1413 2310 judicio
1438 2244 1484 2291 in

188 2321 444 2384 stranguria
468 2323 578 2368 illeo
601 2321 969 2384 superveniente,
1019 2321 1131 2367 item
1157 2320 1214 2368 de
1252 2319 1484 2384 frequenti

236 2486 249 2505 ¹
278 2479 547 2532 Epzd.1.rse3.
566 2479 604 2518 ii.

233 2548 251 2566 ²
280 2541 377 2580 Loc.
397 2539 461 2578 cit.
485 2539 578 2589 stat.
596 2539 651 2579 iii.

234 2605 251 2629 ³
279 2603 393 2655 Epid.
412 2601 486 2640 IV.

231 2664 251 2687 ⁴
277 2662 392 2715 Epid.
412 2661 503 2701 vn.
521 2661 613 2714 sea.
634 2661 661 2700 i.

235 2725 253 2751 ³<
277 2724 390 2776 Epid.
421 2721 474 2763 V.
1367 2737 1370 2740 ⁴

380 2810 382 2814 ,
751 2772 793 2821 E
829 2792 861 2834 4
914 2818 921 2824 ,
1351 2770 1486 2834 ΡΙεω
