1975 3343
416 283 442 330 3
646 287 755 335 DE
812 286 996 335 VIT.
1058 280 1441 336 PERIOD.

415 403 675 466 plurimum
700 405 1013 470 subsequentis
1037 406 1125 454 aevi
1152 405 1361 454 medicos
1386 407 1445 452 ab
1471 402 1698 466 religione

416 494 526 541 erga
552 480 714 526 vitales
740 481 979 538 circuitus,
1030 494 1076 528 et
1110 480 1294 528 criticas
1326 479 1600 526 morborum
1625 491 1702 540 pe·

422 551 579 600 riodos
603 554 858 600 deflexisse.

484 713 531 759 7.
571 700 718 747 Primi
748 717 948 765 quorum
967 713 1149 763 recepta
1171 700 1362 762 placita,
1397 696 1633 763 quidquid
1650 695 1708 742 de

419 773 693 821 morborum
714 775 885 821 finibus
899 774 1200 838 Antiquiores
1211 774 1443 828 dixerant,
1464 787 1637 834 magna
1659 769 1707 815 in

423 845 720 894 dubitatione
736 848 999 910 posuerunt,
1036 847 1325 893 sublimiores
1352 845 1566 893 Chemiae
1590 845 1709 890 Pro—

421 918 604 967 fessores
637 922 832 969 omnino
873 921 1104 967 videntur.
1175 922 1228 967 In
1264 921 1499 966 Galenum
1532 918 1712 982 potiffi-

420 1010 571 1050 mum,
598 1008 644 1040 et
669 995 919 1042 Galenicas
946 994 1176 1040 donftrinas
1195 994 1477 1050 exardentes,
1503 991 1712 1055 principe

423 1067 544 1114 inter
557 1069 676 1130 ipsos
690 1069 988 1124 HelmontiO,
1004 1067 1135 1114 crises
1152 1084 1312 1115 omnes
1329 1067 1603 1130 criticosque
1615 1065 1715 1112 dies

422 1142 722 1204 imperiosum
741 1143 988 1188 hominum
1005 1158 1151 1204 genus
1177 1141 1352 1188 sustulit
1368 1164 1381 1194 ;
1409 1142 1472 1187 ita
1489 1155 1645 1186 tamen
1662 1150 1716 1184 ut

420 1216 578 1278 potius
598 1215 986 1261 inconsideratum
1008 1213 1231 1276 ejusmodi
1249 1214 1449 1260 studium
1466 1211 1665 1259 medicis
1682 1212 1714 1258 ii

424 1290 510 1334 effe
522 1289 862 1350 vellent,quam
875 1289 954 1333 suo
965 1289 1119 1348 reapse
1131 1301 1340 1348 tempore
1350 1287 1450 1335 illas
1461 1285 1715 1334 defesturas

423 1361 511 1407 effe
528 1361 754 1406 dicerent.
769 1363 785 1381 ⁵
816 1361 1000 1422 Magna
1015 1375 1175 1406 eorum
1201 1359 1392 1406 cohorte
1411 1360 1620 1423 undique
1632 1376 1717 1423 per

424 1436 636 1482 clariores
648 1435 788 1481 urbes
801 1435 1017 1490 excitata,
1038 1434 1395 1498 Hippocraticae
1410 1435 1629 1482 medendi
1643 1453 1718 1483 ra-

425 1507 577 1554 tiones
591 1507 823 1554 convulsae
837 1506 979 1554 ferme
998 1507 1245 1570 perierunt.
1273 1509 1446 1571 Neque
1461 1507 1717 1571 plurimum

424 1597 509 1645 pro
550 1582 850 1646 antiquorum
887 1582 1097 1628 doctrina
1138 1582 1303 1629 stantes
1338 1584 1458 1629 Arn.
1495 1583 1714 1630 Villano-

423 1672 586 1712 vanus,
619 1670 665 1702 et
703 1656 984 1711 Paracelsus‚
1033 1673 1304 1719 quanquam
1344 1668 1392 1703 et
1428 1656 1573 1704 iidem
1599 1657 1716 1704 inter

426 1730 750 1777 chemicorum
786 1729 1031 1791 primores,
1082 1730 1141 1775 ad
1167 1729 1526 1794 Hippocraticae
1569 1730 1716 1780 causae

431 1803 746 1866 patrocinium
769 1803 1032 1849 valuerunt.

497 1954 541 1998 8.
592 1949 927 1997 Chemicorum
959 1950 1158 1997 oraculis
1192 1951 1237 1998 in
1279 1949 1491 2015 profanas
1532 1951 1715 2014 prorsus

432 2024 786 2079 circulatorum,
821 2023 1241 2088 viliffimorumque
1276 2023 1526 2071 hominum
1551 2042 1716 2074 manus

429 2096 639 2158 delapsis,
702 2096 976 2160 summoque
1033 2096 1201 2144 exinde
1248 2098 1492 2146 medicinae
1542 2099 1717 2148 damno

431 2169 747 2231 impendente,
773 2167 1010 2233 rursusque
1023 2172 1147 2233 apud
1159 2171 1509 2235 Hippocratem
1525 2173 1721 2221 veritate

432 2242 704 2304 conquisita,
753 2242 970 2288 vitalium
1006 2243 1288 2290 circuituum
1329 2258 1377 2290 et
1414 2245 1715 2307 periodorum

430 2314 643 2360 doc'trina
666 2316 819 2362 denuo
847 2316 891 2362 in
919 2317 1090 2363 honore
1115 2316 1204 2363 fuit
1226 2334 1236 2361 :
1278 2333 1370 2380 qua
1393 2317 1438 2363 in
1465 2334 1512 2364 re
1536 2319 1715 2367 strenue

436 2404 532 2450 prae
555 2387 728 2434 caeteris
753 2389 1019 2451 Baglivium
1039 2392 1052 2415 ³
1085 2390 1128 2436 se
1153 2390 1342 2452 geffiffe,
1377 2393 1584 2440 tam-etsi
1602 2407 1714 2443 aeta-

479 2584 495 2602 ²
524 2580 639 2617 Conf.
653 2580 781 2618 Helm.
795 2580 831 2618 in
845 2594 927 2632 cap.
944 2582 990 2620 de
1005 2584 1117 2635 Temp.
1133 2582 1214 2621 sea.
1234 2598 1291 2623 12.
1304 2593 1340 2622 et
1353 2584 1438 2623 alibi
1451 2586 1488 2625 in
1499 2586 1565 2628 lib.
1580 2589 1625 2626 de
1634 2588 1720 2627 Feb.

427 2640 524 2677 Item
542 2640 600 2690 Jo.
621 2639 748 2690 Joach.
770 2641 942 2678 Beccber.
971 2642 1076 2693 Phis.
1095 2641 1250 2680 Subterr.
1267 2644 1349 2682 Lib.
1365 2647 1397 2683 I.
1413 2648 1506 2699 secJ.
1528 2662 1566 2686 v.
1587 2657 1660 2700 cap.
1680 2648 1721 2686 ii.

483 2705 496 2727 ³
523 2699 638 2739 Conf.
653 2701 759 2752 Bagl.
792 2702 910 2741 Prax.
929 2703 1031 2741 Med.
1051 2713 1128 2755 cap.
1149 2704 1210 2743 xii.
1240 2706 1392 2745 L2·b.11.

1654 2767 1713 2816 tis
