1932 3319
457 300 552 346 144
686 285 803 336 DE
861 273 1046 333 VIT.
1107 267 1500 332 PERIO‘D}

453 435 539 468 nus
586 419 726 467 dixitz
784 419 911 484 quod
950 417 1125 467 etenim
1172 416 1521 463 medicamenta
1567 408 1740 477 neque}

455 508 555 552 unt,
599 495 750 542 subito
768 497 942 542 variata
966 493 1075 540 coeli
1114 491 1361 555 temperies
1398 489 1515 554 saepe
1541 488 1587 536 in
1613 497 1741 536 morss

453 569 524 616 bis
557 570 717 626 efficit,
747 570 921 616 mirum
947 569 994 616 in
1021 566 1219 617 modum
1240 562 1740 628 immutatouniversae'

451 643 564 692 vitae
587 643 822 692 consensu.

526 810 601 858 13.
629 794 957 861 Qamobrem
983 795 1193 848 caveant,
1223 790 1304 855 qui
1329 786 1530 853 plurima
1548 787 1594 834 in
1613 785 1745 834 mor-3

453 868 524 916 bis
549 870 772 932 praesagia
794 885 851 915 ex
877 868 1089 932 pulsibus
1115 868 1196 914 fibi
1232 866 1438 923 sumunt,
1481 879 1539 910 ne
1578 862 1747 924 subitae

452 941 526 987 hae
549 940 766 1004 pulsuum
809 941 1095 987 mutationes
1132 954 1215 985 eos
1243 937 1362 1000 saepe
1395 936 1576 990 fallant,
1600 935 1745 1005 *quod

451 1012 588 1059 nobis
613 1013 670 1058 de
708 1011 869 1059 Solani
910 1011 1133 1074 pulsibus,
1188 1008 1505 1072 experimenta
1538 1006 1745 1064 faEturis,

452 1085 701 1148 aliquando
736 1084 924 1140 accidit,
962 1084 1114 1131 nescio
1149 1100 1206 1129 an
1232 1083 1372 1147 plane
1397 1093 1588 1145 propter
1613 1080 1746 1128 incu-

451 1157 571 1205 riam
590 1159 807 1214 nostram,
851 1175 906 1205 an
927 1173 1118 1221 propter
1138 1157 1368 1204 summam
1394 1154 1624 1219 ejusmodi
1651 1154 1743 1219 fig-

451 1247 620 1279 norum
652 1231 904 1280 fallaciam.
976 1234 1149 1296 Neque
1186 1230 1314 1278 enim
1356 1229 1533 1294 aliquid
1577 1228 1745 1276 exinde

450 1307 765 1370 percepimus,
793 1323 997 1372 cumque
1021 1324 1078 1354 ex
1104 1305 1459 1361 intermittente,
1484 1316 1531 1351 et
1555 1304 1744 1350 dicroto

450 1381 602 1444 pulsu,
621 1394 674 1428 ut
696 1381 830 1428 nobis
854 1382 1119 1438 videbatur,
1154 1381 1246 1427 alvi
1272 1378 1645 1435 evacuationem,
1666 1376 1748 1425 au‘t

452 1455 813 1519 haemorrliagias
833 1456 970 1504 tacite
988 1456 1356 1519 expeetaremus,
1390 1454 1454 1501 nil
1480 1454 1746 1517 quidquam

450 1529 619 1576 horum
661 1532 796 1593 plane
839 1531 1049 1593 contigit,
1093 1529 1168 1575 sed
1207 1542 1366 1576 contra
1391 1539 1572 1577 mutato
1613 1527 1743 1577 coelo

450 1603 609 1650 omnia
633 1605 679 1650 in
704 1604 913 1668 pulfibus
942 1604 1068 1667 signa
1093 1615 1394 1651 evanuerunt.·

523 1762 600 1804 14.
640 1746 708 1792 At
732 1745 776 1792 in
796 1747 864 1794 his
890 1746 1082 1810 quidem
1107 1746 1279 1792 iteratis
1304 1746 1422 1793 intra
1445 1745 1572 1791 diem
1597 1743 1740 1792 febri*

454 1836 538 1866 um
572 1820 814 1868 insultibus
849 1822 1138 1867 confiderare
1179 1821 1363 1883 praestat
1400 1828 1457 1866 ex
1481 1819 1604 1867 Celfi
1637 1835 1740 1867 mo-

451 1894 568 1949 nito,
602 1910 732 1955 pares
753 1911 809 1939 ne
844 1894 932 1940 fint
964 1910 1046 1957 per
1069 1895 1242 1951 omnia,
1269 1894 1396 1957 quod
1421 1893 1504 1939 vix
1529 1894 1626 1939 fieri
1650 1908 1740 1956 poa

450 1968 551 2025 test,
596 1985 652 2014 an
692 1969 906 2031 impares,
948 1985 1118 2032 nempe
1159 1984 1375 2032 quaenam
1415 1966 1469 2014 fit
1504 1968 1692 2030 propria
1714 1984 1740 2015 a

449 2041 619 2088 morbo
644 2045 855 2099 aceeffio,
894 2042 1194 2106 primumque
1237 2043 1282 2088 in
1324 2041 1546 2089 servando
1585 2041 1738 2090 morbi

447 2117 610 2163 ordine
650 2117 808 2163 locum
852 2131 1025 2165 teneat.
1096 2118 1175 2165 Fit
1209 2131 1369 2165 tamen
1393 2115 1648 2179 aliquando
1683 2124 1739 2164 ut

450 2191 624 2254 duplex
644 2194 767 2256 quasi
793 2206 957 2240 natura
982 2194 1057 2240 sua
1082 2193 1135 2241 fit
1159 2193 1368 2248 morbus,
1410 2207 1581 2254 nempe
1606 2189 1738 2255 quod

450 2266 627 2329 duplici
656 2268 905 2331 regulatim
932 2269 1181 2316 intertexto
1217 2268 1385 2315 morbo
1409 2267 1617 2320 constet'3
1651 2281 1737 2313 cu·

441 2337 649 2401 jusmodi
671 2344 1000 2392 nonnullorum
1022 2342 1346 2390 Semitertiana
1363 2342 1426 2390 est
1447 2362 1457 2391 z
1483 2342 1540 2389 de
1563 2340 1736 2405 quibus

449 2411 603 2459 denuo
628 2413 800 2464 dicam.

1505 2702 1729 2757 CAR
