1975 3343
519 259 884 311 AEGROT.
943 261 1059 311 ET
1115 263 1312 312 SAN.
1513 276 1545 329 7

320 398 374 440 4.
427 381 602 446 Neque
658 381 786 429 enim
838 394 1017 429 caeterae
1064 381 1327 431 Medicinae
1374 397 1539 446 partes,

255 469 486 519 quantum
511 458 704 522 quidem
742 474 798 504 ex
837 458 1136 522 Hippocrate
1174 459 1396 521 profectae
1421 458 1540 517 sunt,

259 542 366 576 ante
407 532 595 578 crifium
642 532 1000 594 criticarumque
1040 531 1336 595 periodorum
1374 533 1542 580 doctri-

256 618 365 650 nam
407 605 679 662 extiterunt,
721 606 952 669 simulque
999 606 1058 653 de
1100 605 1375 652 morborum
1416 606 1544 668 prin-2

230 673 412 739 xcipiis,
473 678 769 736 circuitibus,
825 692 868 725 et
921 679 1091 728 finibus
1135 679 1194 724 ab
1246 678 1545 742 Hippocrate

255 752 414 798 aestum
446 748 536 798 est':
591 753 865 817 dierumque
907 754 1060 802 morbi
1103 753 1444 800 observationes
1484 754 1542 800 ab

253 825 362 874 hinc
388 826 571 874 summa
595 843 704 874 cura
727 828 926 875 medicis
953 828 1300 876 commendatae
1324 827 1442 875 sunt.

325 987 371 1037 5.
410 974 743 1039 Subsequentis
775 975 863 1022 aevi
900 975 1072 1022 medici
1120 991 1230 1022 cum
1276 992 1361 1023 nec
1409 976 1545 1023 inane

252 1045 479 1110 ejusmodi
504 1047 707 1113 studium
733 1049 978 1106 duxiffent,
1016 1062 1174 1096 contra
1195 1050 1329 1096 valde
1345 1048 1461 1095 illud
1486 1044 1544 1094 ad

251 1119 585 1180 aegrotantium
611 1121 789 1166 bonum
809 1121 1034 1184 Artisque
1054 1121 1442 1167 existimationem
1473 1119 1544 1166 faz

250 1206 355 1237 cere
393 1190 678 1255 judicanteS,
717 1194 976 1240 incredibili
1020 1193 1242 1240 industria
1289 1195 1334 1241 in
1376 1194 1424 1240 id
1463 1195 1542 1242 vel

249 1266 456 1312 maxime
480 1266 809 1322 incubuerunt,
847 1282 900 1313 ut
925 1260 1200 1314 morborum
1220 1270 1542 1315 converfiones

248 1342 420 1405 quibus
443 1341 681 1403 praecipue
704 1341 869 1388 diebus
886 1342 1192 1403 expectandae
1225 1341 1394 1398 forent,
1424 1359 1540 1406 prze-

252 1416 375 1462 clara
399 1414 446 1461 in
471 1414 576 1460 luce
599 1413 843 1477 ponerent.
915 1415 991 1461 Cl.
1020 1416 1230 1462 Galenus
1271 1417 1318 1465 in
1344 1417 1538 1480 Hippo·³

247 1503 374 1536 crate
393 1502 534 1544 torm,
560 1488 854 1536 medicorum
878 1502 1116 1553 quotquot
1135 1489 1386 1537 extiterunt
1404 1490 1538 1538 facile

197 1622 205 1632 ἡ
249 1562 654 1627 ingeniofiffimus‚
703 1576 749 1609 et
784 1563 1117 1610 eruditiffimus
1143 1564 1540 1627 Hippocraticam

247 1636 506 1684 doctrinam
546 1638 694 1695 auxit,
736 1638 908 1701 pariter
943 1650 989 1684 et
1028 1637 1339 1699 plurimorum
1353 1638 1540 1701 judicio?

248 1709 605 1760 contaminavit.
644 1712 942 1775 Hippocrate
967 1723 1014 1758 et
1029 1711 1213 1758 Galerio
1238 1711 1441 1758 ducibus
1460 1728 1539 1758 ea-

242 1801 347 1832 rum
366 1802 520 1833 rerum
536 1785 832 1848 investigatio
848 1786 904 1832 ab
921 1785 1051 1832 Italis
1069 1799 1287 1832 exornata
1305 1786 1530 1849 primum,

246 1878 362 1909 mox
402 1880 427 1909 a
452 1863 602 1910 Gallis
644 1877 690 1908 et
736 1861 983 1908 Germanis
1025 1861 1238 1918 medicis,
1275 1863 1449 1925 Anglis
1492 1875 1540 1909 et

248 1936 474 2000 Hispanis
495 1938 625 1985 nulla
649 1949 784 1984 aetate
809 1935 988 1999 prorsus
1010 1934 1162 1999 periitz.

317 2084 364 2130 6.
402 2083 751 2147 Antiquiffimae'
774 2095 929 2130 tamen
956 2094 1112 2129 extant
1137 2082 1184 2128 in
1217 2082 1335 2129 hanc
1367 2079 1536 2127 Medi-

248 2157 369 2206 cinae
414 2171 595 2221 partem
635 2157 1011 2203 criminationes:
1071 2155 1390 2218 Asclepiades,
1429 2154 1537 2218 qui-

249 2249 343 2297 que
363 2250 418 2279 eo
438 2246 726 2296 praeceptore
749 2231 1043 2279 Medicinam
1065 2247 1324 2286 exercuere,
1353 2230 1538 2276 dierum

248 2307 571 2372 quorumlibet
619 2308 866 2363 rationem,
931 2323 1103 2353 vanam
1146 2305 1324 2370 prorsus
1374 2322 1537 2353 eorum

247 2383 440 2430 consilio
476 2398 592 2438 rem,
631 2381 1006 2445 repudiaverunt.
1070 2382 1243 2445 Neque
1278 2381 1534 2444 postremus

247 2456 295 2505 in
311 2458 497 2505 illorum
514 2456 668 2504 haeresi
682 2460 745 2505 A.
761 2456 903 2504 Corn.
923 2456 1084 2504 Celsus
1102 2456 1302 2519 plurima
1314 2456 1405 2503 sine
1425 2455 1536 2502 rati-2

245 2550 335 2581 one
356 2549 409 2580 ea
434 2532 492 2578 de
516 2548 563 2579 re
589 2530 870 2595 antiquiores
906 2530 1237 2594 excogitaviffe
1274 2544 1321 2577 et
1344 2520 1555 2578 coluisse*

246 2609 412 2656 tenuit.
481 2608 694 2669 Apparet
721 2618 943 2653 caeterum
967 2621 1118 2670 neque
1139 2604 1434 2669 Asclepiadis
1455 2621 1538 2650 ne·-

228 2684 341 2748 ..que
368 2680 488 2730 Celsi
508 2680 753 2729 adversum
778 2697 832 2727 ea
858 2680 904 2726 in
930 2697 977 2748 re
997 2680 1285 2745 Hippocrati
1318 2678 1537 2733 studium,

830 2756 868 2801 Β
905 2773 938 2813 4
1401 2752 1547 2816 pluri-
