1932 3319
397 255 764 304 AEGROT.
831 242 949 303 ET
1020 254 1216 303 sAN.
1379 273 1470 321 113

186 383 224 443 is
256 401 281 432 a
321 385 446 433 febre
478 387 700 436 liberatus
725 386 878 435 fuiffet
897 409 910 441 ;
948 399 995 433 et
1030 387 1140 434 alibi
1165 385 1216 443 ¹⁶,
1254 389 1470 451 quamvis

180 462 341 522 impari
383 462 459 508 die
496 465 688 511 morbus
741 463 1012 517 ceffaviffet‚
1077 478 1246 526 nempe
1288 462 1468 525 quinto,

181 549 291 581 eum
316 548 473 583 tamen
500 555 592 585 non
616 539 844 602 repetiiffe
869 537 1080 584 fimiliter
1118 536 1315 593 monuit,
1362 552 1472 583 cum

179 608 234 654 ea
256 610 485 672 perstante
524 611 885 670 Constitutione,
929 610 994 675 ini}
1018 611 1116 658 aliis
1148 610 1377 675 pluribUS,
1403 609 1470 656 fe-

180 680 274 729 bris
298 684 399 747 post
422 684 582 732 iterata
599 685 780 749 judicia
802 684 1121 735 recruduiffet.

249 845 325 880 11.
362 832 538 897 Neque
572 834 676 896 plus
724 833 832 880 fidei
875 833 929 881 iis
968 833 1174 881 similiter
1198 833 1316 881 locis
1342 831 1473 879 adhi-

179 903 287 952 bere
311 909 509 971 praestat,
559 926 664 973 quae
688 927 744 957 ex
778 912 902 959 libro
934 910 992 957 de
1018 910 1306 973 Septimestri
1328 911 1471 957 Partu

178 978 450 1044 allegantur.
522 984 819 1045 Vigefimum
845 1000 1047 1047 namque
1067 984 1286 1030 oftavurn
1323 983 1470 1039 diem,

178 1066 227 1099 et
249 1056 657 1118 quadragefimum
676 1058 944 1113 secundum,
984 1074 1189 1121 quorum
1215 1071 1474 1120 utrumque

178 1129 385 1174 maxime
414 1129 711 1192 spectabilem
750 1131 796 1177 in
822 1131 1096 1177 morborum
1123 1130 1297 1177 finibus
1335 1129 1371 1176 is
1414 1130 1474 1175 li-

179 1195 262 1244 ber
285 1200 412 1260 facit,
454 1204 585 1267 quod
626 1204 811 1267 utrique
850 1203 1149 1267 septennariis
1186 1220 1242 1249 ex
1280 1203 1474 1285 ..integro

178 1275 406 1334 constent,
446 1291 526 1324 aut
564 1278 675 1326 alibi
718 1279 928 1341 nuspiam
954 1279 1074 1324 inter
1092 1291 1226 1339 pmes
1250 1277 1475 1324 circuitus

172 1346 441 1411 judicantes
468 1351 788 1414 Hippocrates
813 1351 1091 1406 nominavit,
1133 1363 1211 1396 aut
1253 1364 1376 1397 certe
1402 1351 1475 1398 his

177 1440 272 1470 non
318 1424 441 1486 plus,
500 1441 645 1488 quam
687 1424 862 1470 caeteris
919 1425 1083 1472 diebus
1139 1423 1335 1470 tribuit:
1395 1424 1475 1470 vi-

177 1495 249 1542 dit
297 1495 493 1559 quidem
531 1496 715 1560 judicia
756 1497 969 1560 septimae
1009 1510 1055 1543 et
1079 1496 1318 1559 vigefimae
1360 1494 1474 1552 diei,

177 1585 376 1634 eamque
396 1569 516 1633 inter
534 1572 721 1632 impares
736 1571 1061 1627 decretoriam,
1089 1569 1364 1631 sudoresque
1384 1568 1476 1615 cri-

177 1643 293 1689 ticos
321 1643 573 1707 aliquando
600 1642 873 1689 afferentem
894 1642 1044 1689 dixit:
1070 1642 1128 1688 de
1146 1640 1473 1704 Amphiphra-

174 1716 249 1763 ‘dis
277 1717 368 1762 Fi).
390 1718 638 1764 dumtaxat
662 1715 784 1763 circa
799 1712 1091 1779 Vigefimam
1109 1710 1327 1762 octavam
1345 1704 1498 1761 mors

178 1803 263 1836 tuo
312 1790 498 1837 locutus
544 1790 626 1846 est,
676 1805 875 1853 eamque
924 1790 1041 1837 inter
1073 1803 1205 1851 pares
1252 1788 1473 1836 circuitus

167 1863 448 1929 judicantes,
511 1880 603 1910 non
664 1881 813 1910 unum
859 1863 1174 1926 Hippocratis
1235 1863 1474 1924 exemplar

176 1939 398 1987 ommifit.
472 1940 899 2006 Qadragefimum
923 1955 1034 1984 vero
1071 1937 1324 1984 secundum
1366 1937 1473 1982 nul-

177 2012 260 2058 libi
286 2013 513 2068 nominat,
554 2014 776 2076 nullaque
803 2010 1001 2075 prorsus,
1021 2010 1177 2073 quoad
1197 2009 1314 2063 vidi,
1337 2009 1471 2072 Hip-·

178 2087 382 2148 pocratis
408 2087 689 2147 exemplaria
712 2102 821 2131 eum
846 2085 1116 2130 circuitibus
1147 2082 1470 2146 judicantibus

178 2158 386 2206 addunt:
441 2158 869 2222 Qadragefimum
897 2171 1058 2203 contra
1105 2156 1343 2219 saepiffime
1385 2172 1471 2218 pro

180 2232 342 2278 critico
373 2231 540 2295 posuit,
580 2231 803 2295 hujusque
836 2231 926 2277 diei
960 2231 1282 2276 auctoritatem
1322 2230 1471 2276 allatis

181 2305 405 2367 exemplis
423 2306 732 2352 confirmavit.
755 2308 915 2369 Qam
933 2305 997 2351 ob
1015 2305 1234 2363 cauffam,
1256 2315 1335 2349 aut
1350 2301 1470 2364 ejus-

179 2380 310 2428 modi
331 2380 489 2427 locum
515 2380 750 2427 emendari
771 2393 971 2443 oportet,
1012 2391 1091 2425 aut
1115 2379 1287 2426 librum
1313 2377 1469 2440 illegi-

180 2455 306 2502 timis
349 2454 604 2511 accensere,
645 2455 776 2519 quod
818 2453 960 2501 etiam
988 2453 1187 2502 Hallero
1210 2453 1362 2501 visum
1385 2451 1466 2498 est.

434 2654 470 2677 ¹⁶
497 2654 609 2706 Epz'd.
636 2654 722 2693 Lib.
743 2654 775 2692 L
791 2655 880 2704 ἱ[ἐίὲ.
901 2654 954 2694 iii.
981 2657 1097 2708 ‹Egm
1117 2655 1197 2694 viii.

792 2715 812 2762 Ι
1084 2728 1086 2730 ’
1282 2715 1468 2760 Revera
