1975 3343
454 251 478 323 [
503 252 591 312 xvi
611 248 636 323 ]

456 388 534 452 tot
561 412 807 471 tantaque
835 402 942 471 ejus
969 399 1205 469 exempla
1231 398 1284 450 in
1313 398 1671 462 Animalibus,
1692 416 1779 448 ne-

455 490 581 542 dum
608 491 827 551 plantis,
875 505 924 542 et
967 491 1330 551 Mineralibus,
1374 489 1458 542 sed
1503 491 1635 542 etin
1662 491 1781 543 uni-

455 580 598 633 verso
621 581 984 652 adspefflabilis
1014 583 1257 636 Telluris
1301 581 1679 645 Mechanismo‚
1726 594 1779 634 et

456 672 643 741 pontu,
691 687 890 737 extant,
933 688 991 726 ut
1030 674 1115 725 vix
1143 673 1383 726 credibile
1427 673 1486 725 fit
1529 673 1783 744 singulare

457 759 697 832 Aliquid,
740 762 995 834 quidquid
1035 763 1097 814 ad
1137 763 1408 834 organicos
1453 760 1788 834 Animalium

457 848 623 907 Vitaev
648 852 828 904 Motus
875 853 1115 923 pertinet,
1161 852 1462 906 efformare:
1505 851 1598 904 nifi
1647 850 1803 924 quod‘

457 942 730 1005 Motuum,
779 944 987 1016 fereque
1015 945 1369 998 Electivarum
1394 943 1790 997 AttraCtionum

457 1033 645 1104 ingens
672 1038 799 1088 adeo
827 1057 1077 1090 numerus
1106 1053 1156 1090 et
1183 1038 1332 1091 series
1367 1039 1421 1091 in
1466 1036 1787 1099 homine-fit,

456 1137 514 1173 ut
534 1125 709 1194 potius
730 1126 922 1180 virium
943 1127 1152 1180 suarum
1171 1129 1458 1198 praestantia
1480 1141 1530 1178 et
1547 1144 1789 1186 numero,

458 1232 617 1284 quam
639 1232 774 1263 novo
801 1236 980 1268 earum
1006 1237 1195 1282 genere
1221 1219 1404 1270 Homo
1430 1236 1587 1272 unus,
1637 1209 1790 1282 qffid·

459 1299 581 1371 quid
613 1300 666 1350 in
693 1299 900 1351 Mundo
926 1298 1016 1363 est,
1058 1298 1208 1350 facile
1234 1298 1441 1351 vincere
1467 1299 1719 1351 videatur.

532 1478 682 1531 XIII.
730 1477 982 1529 Praeterea
1035 1496 1158 1529 cum
1210 1490 1391 1529 caetera
1442 1497 1790 1550 quaecumque

463 1564 650 1634 quibus
703 1581 826 1614 cum
870 1563 1121 1626 vivimus,
1161 1576 1211 1614 et
1258 1564 1642 1625 connutrimur,
1681 1568 1791 1631 Aer

464 1654 808 1705 mutabilitate
842 1651 928 1704 sua
954 1655 1110 1724 longe
1137 1654 1336 1724 singula
1363 1654 1656 1717 antecellat,
1702 1654 1789 1706 fit-

463 1765 560 1816 que
580 1744 684 1819 fere
705 1745 1063 1795 mutationum
1081 1744 1341 1808 omnium,
1366 1744 1552 1818 quaein
1578 1745 1789 1821 reliquis

465 1832 763 1901 corporibus
790 1831 944 1892 fiunt,
988 1832 1150 1883 veluti
1179 1831 1490 1903 conspiratio
1531 1853 1653 1898 una,
1698 1853 1791 1905 pa-

466 1924 586 1975 riter
631 1939 784 1996 atque
831 1924 1251 1977 rudimentorum
1292 1925 1543 1978 universae
1575 1928 1794 1980 Naturae

465 2013 729 2083 congeries
775 2032 879 2064 una
923 2026 972 2065 et
1022 2028 1281 2078 centrum,
1333 2016 1672 2087 quaerendum
1721 2012 1794 2067 est

465 2109 580 2172 quae
622 2103 836 2154 demum
888 2103 942 2154 in
993 2106 1126 2156 Aere
1177 2103 1537 2158 mutationum
1582 2123 1789 2177 genera,

465 2206 671 2260 propter
700 2193 1000 2261 proximum
1028 2197 1138 2264 ejus
1166 2212 1289 2246 cum
1317 2193 1444 2246 Vita
1477 2194 1789 2247 consensum

468 2280 756 2336 confimiles
784 2282 834 2331 in
857 2282 1167 2334 animalibus
1189 2281 1504 2334 mutationes
1525 2281 1784 2336 efficiant:

470 2369 607 2440 quod
638 2367 756 2438 serae
791 2368 1104 2424 posteritatis
1132 2371 1340 2423 difficile
1367 2371 1631 2442 judicium
1655 2372 1788 2424 anti-

470 2457 638 2526 cipare
672 2457 903 2528 Auguris
949 2459 1135 2523 adhue,
1166 2458 1441 2532 plusquam
1482 2458 1788 2533 Philosophi

471 2566 663 2598 munus
692 2546 776 2599 est.

1399 2733 1549 2787 XIV.
1587 2734 1778 2787 Annon
