1932 3319
440 234 807 287 AEGROT.
866 230 981 279 ET
1043 232 1237 281 ΒΑΝ.
1381 247 1466 298 151

188 369 339 418 miffio
362 367 749 433 subsequeretur:
775 368 971 428 Propter
993 380 1154 428 quam,
1189 375 1242 409 ut
1267 365 1475 427 apposite

188 442 346 490 Celsus
389 444 609 507 appellat,
645 440 857 490 mutandi
896 439 1050 487 morbi
1091 437 1338 496 rationem,
1380 439 1475 484 fere

185 517 298 564 novi
347 535 503 565 motus
541 520 734 564 acceffio
774 516 939 565 morbo
978 516 1047 570 fit,
1084 530 1142 561 ex
1174 528 1326 576 eoque
1366 528 1477 560 cum

182 594 292 657 plus
339 595 482 642 febris
533 593 816 651 intendatur,
861 603 1050 638 exortus
1097 589 1182 635 sub
1229 604 1284 633 ea
1331 586 1478 650 major

185 667 330 723 calor,
374 669 507 713 fimul
533 666 685 729 priora
721 666 846 712 mala
893 664 1031 720 toliit,
1079 673 1125 709 et
1154 661 1282 724 spem
1317 660 1479 707 retnis-

187 739 326 786 fionis
353 740 398 785 in
437 757 585 804 eaque
620 740 872 787 curationis
919 738 1156 785 ostendit:
1189 735 1320 800 quod
1345 735 1480 798 inge·

187 810 307 857 niose
333 812 496 859 Celsus
523 813 569 859 in
607 814 678 860 his
711 812 998 868 monstravit,
1033 826 1204 873 nempe
1229 809 1360 873 quod
1396 808 1480 856 ubi

186 884 477 931 curationem
504 885 568 941 id,
594 886 725 949 quod
753 886 832 943 est,
861 902 954 934 non
978 884 1161 947 recipit,
1188 882 1336 947 potest
1359 881 1479 930 reci-

186 973 297 1022 pere
317 958 449 1022 quod
474 956 685 1004 futurum
711 959 790 1006 est.

260 1114 336 1156 14.
391 1100 625 1162 Magnam
667 1098 877 1162 profesto
921 1098 1007 1155 his,
1051 1113 1157 1161 quae
1204 1094 1482 1159 scripsimus,

186 1171 285 1217 veri
311 1172 850 1219 similitudinem'tribuit
875 1172 1102 1234 Podagrae
1129 1169 1329 1216 historia.
1378 1167 1485 1216 Pri-

187 1261 267 1290 ma
291 1244 519 1310 siquidem
548 1246 701 1294 morbi
729 1248 921 1292 acceffio
943 1258 1212 1292 caeterarum
1240 1241 1487 1305 asperrima

187 1316 266 1373 est,
288 1331 335 1364 et
353 1318 399 1364 in
416 1332 656 1381 quattuor,
678 1319 754 1365 vel
774 1318 968 1380 septem,
987 1333 1091 1363 raro
1107 1314 1486 1378 quattuordecim

185 1389 369 1443 diebus,
407 1389 603 1434 desinit:
662 1389 788 1451 quod
834 1404 998 1434 eorum
1040 1387 1120 1442 est,
1181 1385 1264 1449 qui
1307 1384 1487 1447 vegetis

189 1463 342 1509 adhue
379 1462 539 1508 Valent
565 1461 711 1509 annis.
784 1463 958 1509 Contra
993 1477 1102 1507 cum
1145 1459 1189 1506 in
1230 1460 1355 1506 senio
1392 1459 1489 1522 pri-

189 1550 324 1582 mum
345 1534 544 1590 invadit,
583 1535 928 1582 diuturniorem
972 1537 1280 1581 accessionem
1327 1534 1486 1589 habet,

189 1607 344 1673 ejusve
376 1611 623 1672 propterea
651 1609 851 1656 vicinior
880 1609 1054 1657 reditus
1087 1607 1238 1664 instat,
1277 1609 1358 1672 qui
1384 1601 1510 1655 seris⁴

189 1697 374 1732 tantum
393 1685 495 1746 post
518 1684 648 1731 annis
693 1701 771 1731 eos
809 1685 978 1730 iterum
1015 1683 1340 1747 apprehendit,
1367 1699 1489 1746 quo—

192 1773 299 1803 rum
342 1757 476 1821 supra
500 1758 822 1805 meminimus.
896 1759 1020 1822 Qae
1055 1774 1166 1804 vero
1192 1757 1386 1804 subinde
1411 1773 1490 1803 ac-

191 1835 411 1880 eeffiones
458 1833 506 1879 in
541 1833 746 1896 utrisque
788 1832 1122 1895 frequentiores
1155 1832 1393 1887 eveniunt,
1430 1831 1490 1877 ad

192 1907 384 1970 longius
409 1907 622 1954 similiter
642 1922 828 1970 tenipus
860 1907 1128 1970 perdurant,
1160 1907 1360 1969 plusque
1390 1906 1489 1952 sen-

193 1981 279 2027 sim
305 1998 463 2027 earum
492 1981 681 2043 singulae
723 1981 767 2026 in
809 1981 1108 2043 protrasfiora
1150 1979 1372 2043 temporis
1420 1980 1492 2026 in·

193 2055 389 2101 tervalla
414 2053 736 2116 porriguntur,
773 2068 818 2100 et
855 2053 950 2101 fere
977 2053 1209 2117 frequenti
1236 2054 1389 2101 reditu
1413 2069 1492 2099 ea-

195 2146 299 2176 rum
325 2128 538 2192 asperitas
573 2126 800 2190 frangitur·
825 2132 860 2175 ².
932 2128 995 2175 Iis
1034 2129 1194 2184 etiam,
1232 2129 1312 2191 qui
1355 2119 1489 2176 exor-

1331 2205 1360 2251 d
1369 2204 1491 2251 iente

240 2326 259 2344 ²
287 2322 496 2361 Asthmatis
535 2322 703 2361 similiter
745 2322 995 2374 paroxisinOS,
1046 2335 1213 2375 quorum
1248 2322 1499 2375 protrafflorat

192 2383 308 2421 essent
345 2382 563 2430 intervalla,
585 2383 742 2433 vigesies
778 2398 844 2434 per
879 2384 1039 2422 testatem
1061 2383 1311 2432 incurrentes,
1340 2385 1499 2422 sedecies

191 2454 285 2478 vero
317 2441 509 2489 inhieme,
539 2456 617 2493 quo
633 2443 819 2492 perstante
856 2442 1014 2481 iilorum
1047 2454 1216 2494 tempora
1251 2445 1500 2483 consimiliter

192 2500 449 2539 contractiora
479 2503 606 2549 essent,
634 2502 723 2540 citat
761 2504 959 2554 FloyeruS,
996 2506 1212 2543 observator
1247 2520 1334 2544 cuin
1367 2505 1500 2556 paucis

192 2562 487 2611 comparandus.
510 2565 663 2613 Trvatg'sc
696 2564 806 2613 osthe
823 2563 986 2612 Asthma.
1044 2565 1190 2603 Pariter
1223 2576 1259 2604 et
1284 2566 1321 2604 in
1343 2567 1499 2603 asthma-

194 2620 280 2658 ticae
302 2620 485 2665 numeris,
514 2635 630 2673 quam
664 2621 695 2659 is
713 2622 872 2673 profert,
905 2623 1069 2670 historia,
1098 2638 1186 2662 cum
1217 2626 1286 2663 sub
1306 2624 1497 2675 primitiva

177 2674 526 2725 ‘motbiinvasione
547 2685 760 2725 insultuuin
787 2697 958 2735 tempora
988 2686 1198 2727 breviffima
1222 2688 1349 2735 essent,
1380 2685 1498 2736 spatio

786 2753 823 2795 L
850 2767 874 2801 4
1397 2752 1497 2791 vide„
