1975 3343
1291 227 1323 301 [
1361 209 1426 284 ix.
1455 227 1487 306 ]

251 377 410 468 Quas
435 410 566 447 cum
592 377 806 447 caeteris
843 388 1033 464 palam
1077 385 1279 441 referre
1321 395 1498 459 grates

174 499 569 576 jucundiffima
614 497 1023 576 beneficiorum
1074 495 1348 552 memoria
1386 494 1500 548 exi-

157 620 292 682 gat,
329 608 536 683 ecquid
573 607 875 663 verborum
906 623 1009 680 pro
1033 607 1136 666 Te,
1174 613 1389 676 tuoque
1417 600 1498 655 in-

185 715 494 788 gentiffimo
535 735 665 790 erga
714 714 969 778 Patriam,
1027 723 1083 767 et
1136 730 1236 767 nos
1295 709 1501 771 animo,

187 826 547 880 R1M1NALDE
584 827 970 880 CARDINALIS
1008 822 1409 879 AMP-mssiME,
1449 815 1508 868 in

188 949 388 1006 magna
410 933 653 988 veritatis
679 933 932 988 ubertate
959 927 1263 1003 sumpsero.
1305 927 1507 999 Neque

189 1036 340 1092 enim
365 1040 578 1094 Patrius
603 1041 783 1111 Amor
814 1049 944 1093 tuus
978 1037 1175 1092 fineret
1216 1033 1399 1089 ornari
1428 1031 1512 1085 di-

191 1143 392 1206 cendo,
439 1145 478 1197 fi
521 1144 755 1216 quidem
802 1164 938 1199 eum
990 1143 1284 1198 includere
1328 1138 1513 1194 verbis

195 1242 355 1298 facile
381 1239 524 1295 esset.
565 1241 779 1294 Caetera
804 1260 1068 1315 namque,
1095 1243 1301 1316 quibus
1326 1245 1516 1298 animo

197 1330 568 1423 locupletans,
599 1359 654 1402 et
677 1347 750 1402 ad
777 1347 1128 1404 laudandum
1154 1349 1439 1424 aptiffima,
1464 1359 1519 1405 et

199 1458 271 1514 ad
302 1456 642 1513 imitandum
677 1456 1002 1533 digniffima,
1046 1458 1116 1513 ab
1155 1477 1268 1513 una
1294 1469 1388 1512 tua
1423 1462 1521 1512 Pa-

203 1563 323 1620 triae
349 1563 625 1618 charitatis
662 1563 882 1629 virtute,
910 1577 1187 1641 quantum
1215 1566 1273 1620 in
1300 1564 1351 1620 se
1378 1584 1519 1639 pra-eo

208 1673 363 1736 stant,
404 1672 734 1747 superantur
766 1686 967 1738 tamen,
1005 1673 1165 1749 quod
1209 1689 1265 1729 et
1298 1684 1522 1728 czeteras

213 1779 449 1836 virtutes
490 1779 745 1855 singulaS,
784 1781 1059 1855 postrema
1101 1783 1223 1837 haec
1249 1781 1528 1855 complec-

211 1900 375 1951 tatur,
409 1887 609 1962 easque
654 1887 710 1942 in
748 1887 980 1942 humani
1015 1889 1230 1962 generis
1272 1908 1526 1943 commu-

213 1997 382 2052 nitate
408 1996 697 2071 frugiferas
724 1996 833 2051 sola
860 1996 972 2051 sere
1007 1996 1227 2051 efficiat.
1281 1998 1427 2051 Cum
1453 2008 1531 2049 et-

215 2103 367 2160 enim
390 2104 675 2159 bonorum
708 2104 983 2166 omnium,
1010 2123 1142 2177 quae
1178 2103 1250 2157 ad
1276 2103 1530 2157 homines

218 2211 514 2286 pertinent,
562 2190 753 2261 rerum
803 2213 1031 2264 Naturae
1082 2209 1428 2282 investigatio
1479 2221 1535 2264 et

224 2316 473 2389 cognitio
501 2315 700 2370 unicus
727 2315 787 2369 fit
824 2315 964 2378 fons,
1005 2317 1158 2371 hunc
1197 2320 1290 2371 Tu
1326 2316 1536 2371 uberri-

227 2444 387 2478 mum
416 2424 611 2477 Patriae
640 2436 769 2486 tuae,
804 2424 954 2479 hunc
978 2424 1229 2480 finitimis
1259 2427 1539 2481 Gentibus

230 2530 517 2605 aperuisti:
576 2535 668 2585 Tu
715 2532 1010 2588 hominum
1056 2535 1269 2590 animos
1309 2535 1380 2588 ad
1419 2536 1543 2589 Vir-

236 2650 418 2694 tutem
462 2637 781 2694 incendisti:
838 2643 931 2695 Tu
972 2641 1299 2696 nobiliffima
1339 2641 1542 2695 Virtuti
