1932 3319
443 317 534 362 142
687 303 802 350 DE
860 301 1493 352 VIT.PER10D‚

434 437 586 485 tribus
611 436 791 485 circiter
805 437 929 483 horis
954 434 1242 483 constantem
1263 434 1562 500 interponunt
1595 435 1672 484 alii
1690 423 1729 494 ¹‚'

425 503 631 576 *quorum
651 511 864 576 profeeto
889 510 1120 558 laudanda
1136 509 1357 557 industria
1380 511 1467 558 est:
1494 511 1557 559 est
1571 524 1728 559 tamen
1777 543 1779 545 -

435 588 493 636 ab
531 588 679 636 intuta
698 586 946 634 univerfim
971 586 1134 650 regula
1153 586 1433 635 cavendum.

506 746 580 777 10.
617 731 690 777 Ea
713 729 905 794 quidem
930 728 1143 791 perennis
1170 727 1344 776 constat
1380 727 1599 775 vitalium
1622 743 1730 774 mo-

433 816 568 851 tuum
594 804 639 850 in
664 803 764 851 vita
788 803 1022 859 successio,
1065 816 1117 850 ut
1141 818 1303 850 eorum
1327 801 1521 865 plurimi
1546 817 1602 848 ex
1625 816 1732 864 per-

434 891 574 939 petua
599 876 928 923 consuetudine
951 877 997 922 in
1036 877 1172 924 statas
1209 876 1422 922 incidant
1460 874 1551 921 diei
1576 875 1749 932 horas,⁴

433 948 569 1011 seque
597 949 802 994 invicem
829 948 1081 1010 excipiant,
1109 950 1239 1011 quod
1266 947 1378 994 alibi
1404 949 1633 1011 exemplis
1657 949 1729 996 sa-

436 1020 493 1068 tis
528 1033 575 1067 et
618 1020 797 1067 ratione
832 1019 1268 1070 demonstrabimus·
1353 1020 1447 1068 His
1487 1035 1734 1085 propterea

434 1093 660 1140 constanti
687 1094 890 1157 quadam
909 1095 1106 1158 periodo
1126 1094 1561 1154 intercurrentibuS,
1588 1111 1729 1159 regu-

433 1168 540 1214 laris
572 1169 793 1230 quaedam
819 1184 865 1214 m
903 1167 1094 1214 usitatos
1131 1183 1289 1216 motus
1311 1167 1442 1214 Vitae
1487 1169 1732 1218 concurfio

433 1241 551 1288 sumi
575 1241 773 1305 persaepe
796 1241 962 1304 potest,
1002 1259 1110 1306 quae
1151 1260 1245 1291 non
1279 1241 1547 1290 intermiffio
1583 1243 1731 1292 afflo-

434 1333 550 1362 num
575 1316 772 1363 circuitu
792 1318 937 1380 usque
963 1318 1202 1379 procedat.
1274 1317 1453 1364 Rursus
1473 1316 1613 1366 etiam
1626 1318 1730 1382 ple-

434 1403 578 1451 raque
613 1403 669 1434 ex
694 1387 1037 1450 infignioribuss,
1079 1407 1189 1452 quae
1227 1390 1320 1445 die,
1357 1391 1591 1454 nofteque
1617 1403 1730 1435 eve-

433 1462 569 1508 niunt
592 1461 639 1507 in
660 1461 847 1507 animali
874 1462 1202 1525 phaenomena,
1241 1478 1336 1509 non
1361 1465 1629 1510 minumum
1653 1477 1729 1508 re-

433 1535 598 1596 gendae
621 1534 750 1581 Vitae
769 1533 1030 1591 conferunt,
1058 1548 1110 1582 ut
1134 1547 1381 1599 propterea
1404 1535 1572 1582 diurna
1594 1551 1728 1598 quae-

434 1609 546 1654 dam
567 1621 786 1655 motuum
810 1609 1056 1666 revolutio,
1099 1626 1208 1674 quae
1233 1608 1418 1672 integro
1440 1609 1634 1656 naturali
1653 1610 1731 1656 die

435 1684 628 1742 conflet,
662 1683 767 1747 jure
810 1685 857 1730 in
899 1703 952 1731 ea
986 1686 1155 1732 adstrui
1179 1686 1307 1749 poffe
1330 1686 1558 1734 videatur.
1630 1686 1730 1734 Cu-

426 1757 634 1822 jusmodi
662 1772 826 1822 praeter
866 1775 1009 1822 quam
1034 1760 1170 1822 plura
1211 1761 1257 1807 in
1282 1760 1471 1808 sanitate
1506 1761 1752 1824 praeclara'

435 1835 613 1881 exstent
631 1834 862 1896 exempla,
887 1835 1091 1896 plurima
1115 1834 1257 1881 etiam
1284 1853 1341 1882 ex
1360 1836 1561 1882 febrium
1586 1837 1728 1886 histo-

435 1909 569 1964 toria‚
609 1923 756 1971 nuper
779 1907 1129 1970 diligentiffirne
1162 1910 1237 1956 Ill.
1260 1910 1432 1957 Cullen
1456 1909 1698 1958 excitavit.

511 2072 586 2103 11.
625 2056 1045 2103 Intermittentium
1082 2055 1290 2119 profeEto
1323 2056 1524 2105 febrium
1550 2058 1729 2122 periodi

437 2133 695 2178 naturalem
719 2131 845 2178 diem
872 2147 1097 2194 magnam
1124 2144 1307 2194 partem
1332 2132 1602 2196 sequuntur,
1648 2149 1726 2180 ea-

437 2224 638 2269 rumque
673 2206 909 2270 pleraeque
947 2205 1116 2268 viginti
1157 2220 1205 2253 et
1250 2219 1471 2270 quattuor
1510 2208 1733 2256 horarum

439 2280 681 2328 intervallo
723 2281 928 2337 labente,
994 2281 1174 2344 integre
1215 2281 1439 2329 circuitus
1477 2283 1732 2346 expediunt

438 2354 557 2400 suos.
626 2354 878 2402 Difficilior
907 2355 1044 2418 plane
1073 2355 1137 2401 est
1162 2355 1492 2403 continuarum
1529 2357 1731 2405 febrium

439 2428 574 2484 ratio,
614 2445 815 2490 quarum
858 2432 1135 2477 acccffiones
1172 2430 1432 2477 inordinate
1464 2445 1731 2489 moventur,

440 2514 487 2548 et
512 2501 557 2547 in
583 2501 754 2564 quibus
778 2502 1094 2550 remiffionum
1120 2517 1331 2565 tempora
1354 2503 1562 2550 liberalia
1585 2503 1730 2551 modo

442 2577 564 2636 sunt,
607 2577 751 2623 modo
790 2594 903 2623 vero
938 2580 1020 2626 vix
1040 2579 1149 2625 ulla.
1221 2579 1355 2642 Saepe
1380 2579 1727 2626 enimillibera-

695 2740 708 2758 ¹
739 2735 857 2775 Conf.
887 2735 1086 2774 Chesnoau
1121 2739 1239 2779 Ymit.
1258 2740 1315 2778 des
1331 2739 1461 2778 Fievr.

530 2813 553 2843 2
1617 2797 1732 2845 liore
