1932 3319
463 297 529 344 80
693 291 811 343 DE
867 288 1489 344 VIT.PERIOD.

451 429 579 461 mam
605 413 847 462 suffecisse.
916 412 1158 477 Vigesima
1189 413 1400 477 profecto
1443 414 1542 461 dies
1579 413 1654 460 vel
1691 413 1739 461 in·

453 504 512 537 eo
550 489 696 536 etiam
743 505 854 536 cum
890 487 1199 551 Hippocratis
1243 488 1453 534 doctrina
1501 488 1748 545 consentit,

453 563 586 626 quod
616 562 781 612 Tertia
812 562 865 609 sit
903 579 928 608 a
964 562 1168 609 Decima
1205 562 1403 626 septima
1426 565 1458 609 ¹.
1525 562 1597 609 Ea
1643 561 1749 626 qui-

452 635 798 698 dem-plurimis
825 636 870 681 in
895 636 1038 682 Thasi
1056 635 1417 691 Constitutione,
1435 633 1618 697 judicia
1634 651 1746 697 por-

452 709 624 765 tendit,
663 726 771 757 cum
813 710 955 763 effent
990 709 1184 756 recidivi
1217 726 1242 755 a
1266 708 1494 772 Septimae
1525 706 1744 771 judicio!

452 784 569 831 item
592 784 967 848 phreniticorum
1005 785 1145 847 plane
1170 784 1324 847 plures
1349 783 1435 830 hac
1454 781 1527 828 die
1555 781 1746 846 judica-

452 859 523 904 ti:
560 859 819 906 recidentes
845 859 988 906 etiam
1022 859 1068 905 in
1103 859 1325 905 morbum
1363 856 1546 903 decima
1583 870 1748 919 quarta.

452 931 529 978 die
550 932 596 977 in
623 933 857 993 integrum
873 931 1077 994 judicati
1103 930 1205 977 sunt
1243 931 1286 976 in
1314 930 1551 992 vigefimae
1570 929 1757 977 circui-*

452 1017 536 1050 tu:
575 1021 670 1068 quo
716 1006 761 1051 in
785 1007 892 1053 loco
915 1005 1133 1051 adnotare
1171 1004 1352 1067 praestat
1377 1007 1609 1069 Qartam
1657 1003 1743 1049 de-

452 1080 627 1125 cimam
654 1080 839 1126 initium
864 1079 997 1125 fuiffe
1019 1079 1140 1126 tertii
1167 1079 1458 1142 septennarii‚
1494 1079 1741 1126 morbum-

449 1169 542 1215 que
569 1167 813 1217 propterea
852 1153 898 1199 in
919 1153 1143 1211 recidiva,
1180 1152 1377 1215 septima
1420 1165 1634 1200 accurate
1666 1152 1742 1199 die

450 1226 645 1273 desiisse.

517 1367 801 1431 B.·Qibus
842 1367 1087 1414 tubercula
1129 1367 1187 1413 ad
1225 1383 1357 1415 aures
1390 1366 1739 1424 enascebantur,

450 1459 505 1490 ea
530 1442 604 1488 die
628 1441 855 1503 vigesima
870 1441 1188 1487 decernebant
1205 1444 1240 1488 ².

517 1584 573 1629 C.
620 1582 908 1643 Dysenteriae
951 1616 1124 1630 .....
1165 1598 1272 1629 cum
1298 1581 1537 1644 sanguine,
1574 1595 1620 1629 et
1660 1599 1734 1629 ra-

448 1660 618 1705 mentis
643 1657 906 1704 defiverunt
930 1657 1126 1719 septima
1153 1657 1252 1713 die,‘
1285 1672 1363 1705 aut
1387 1658 1570 1705 decima
1596 1675 1734 1722 quar-

450 1750 510 1791 ta,
565 1749 643 1781 aut
667 1734 911 1796 vigesima,
947 1748 1025 1780 aut
1066 1734 1433 1796 quadragesima,
1492 1747 1570 1780 aut
1617 1735 1734 1781 intra

449 1810 548 1855 haec
570 1823 779 1872 tempora
801 1812 837 1852 3.

513 1953 577 1998 D.
618 1948 750 1996 Aiibi
777 1946 917 1995 etiam
938 1947 1194 2010 Vigefimae
1222 1948 1441 1996 circuitus
1464 1965 1734 1996 memoran-·

446 2040 535 2081 tur,
561 2025 709 2071 veluti
737 2025 781 2070 in
806 2025 1053 2070 oculorum
1078 2024 1273 2079 morbis,
1314 2023 1344 2069 si
1369 2039 1572 2086 namque
1590 2024 1728 2071 lacri—

446 2115 523 2145 ma
563 2097 774 2160 procedit
811 2097 959 2142 multa
1005 2110 1051 2141 et
1093 2096 1258 2151 calida,
1295 2094 1640 2157 judicationem
1681 2097 1728 2143 in'

446 2174 514 2219 his
540 2173 745 2219 maxime
780 2172 1020 2233 expeciare
1045 2184 1244 2233 oportet,
1291 2171 1493 2232 primam
1529 2170 1725 2233 quidem
1787 2222 1790 2224 v

446 2246 667 2307 vigesima
687 2244 778 2299 die,
805 2243 930 2307 sique
956 2243 1043 2289 hoc
1072 2256 1255 2305 tempus
1295 2243 1491 2306 superet,
1520 2243 1724 2305 quadra-

492 2441 503 2458 ¹
535 2435 651 2472 Conf.
671 2449 757 2485 quae
777 2437 821 2473 de
837 2436 1170 2478 subducendorum
1189 2436 1334 2474 dierum
1352 2436 1496 2474 ratione
1515 2451 1562 2475 ex
1582 2436 1733 2488 Hippo⁴

438 2508 540 2535 crate
573 2506 609 2531 et
628 2496 779 2532 Gale-110
798 2495 956 2533 inferius
986 2496 1173 2544 dicentur,
1207 2496 1273 2534 ubi
1308 2497 1352 2534 de
1371 2498 1542 2550 IIJppocr.
1572 2497 1728 2548 Pythag-

436 2569 469 2597 ει*
483 2557 568 2595 Lz'h.
589 2557 640 2593 ΙΙ.
669 2557 709 2592 de
724 2558 839 2592 lssr‘tal.
859 2558 1017 2607 Causast.
1046 2562 1081 2594 in
1096 2560 1255 2595 Sam'tate
1277 2569 1307 2594 et
1321 2557 1459 2595 Morbi,-
1476 2560 1596 2608 catsfi‘t.

489 2620 506 2636 ²
533 2617 645 2666 Epld.
665 2615 794 2664 LJi'afl·
811 2613 953 2662 ii.sfcl.*.
974 2616 1027 2654 in.

493 2681 507 2704 ³
538 2679 603 2716 Ex
631 2676 807 2712 Praediffff.
839 2686 913 2726 cap.
947 2677 1027 2715 xiii.

1546 2725 1722 2790 gesima

1926 87 1932 98 v.
1912 0 1932 63 -.ἾΛΕ
