1932 3319
430 262 798 315 AEGROT.
857 258 973 309 ET
1035 259 1231 308 SAN.
1408 259 1467 309 61

183 386 296 451 regii
322 383 397 450 cuj
407 384 572 433 usdam
595 382 758 448 oppidi
769 384 803 439 ³,
843 379 1011 428 oetava
1033 377 1273 442 saepisfime
1297 375 1374 424 die
1392 377 1499 453 de:-

183 472 461 507 creveruntt
504 458 594 506 alia
617 458 761 505 etiam
801 454 936 518 hujus
977 454 1071 501 diei
1086 453 1268 518 judicia
1292 467 1477 499 memo-

182 533 302 581 ravit
326 533 379 582 F.
404 534 534 581 Baile
549 536 585 591 ⁴,
622 532 757 595 eique
783 530 902 577 inter
932 529 1118 577 criticas
1154 526 1375 592 periodos
1404 527 1476 574 lo·

183 623 294 655 cum
318 607 451 656 dedit
474 610 552 656 Fr.
577 606 921 656 Hoffmannus.

257 756 300 788 1.
339 740 433 798 Illi,
471 742 554 804 qui
593 740 769 787 asinum
806 755 864 786 ex
909 749 1053 801 pacto
1092 734 1289 794 sustulit,
1328 734 1482 793 tertia,

179 825 368 886 guarta,
417 827 463 861 et
486 814 666 879 quinta,
713 826 760 859 et
783 810 980 876 septima
1005 823 1052 858 et
1075 809 1242 858 ostava
1265 809 1356 867 die,
1381 809 1482 857 san-

187 886 292 951 guis
317 888 484 951 erupit,
533 902 579 935 et
594 886 839 952 judicatus
861 885 923 933 est
948 887 981 932 ³.

258 1043 304 1076 2.
342 1026 569 1085 Lesehus,
617 1027 827 1076 Maritus
851 1041 1094 1092 puerperae
1117 1025 1243 1088 apud
1261 1023 1484 1072 Sithodo-

190 1100 365 1190 chum,⁶
390 1116 584 1165 arquato
610 1103 783 1150 morbo
807 1113 1070 1163 correptus,
1110 1099 1296 1148 Getava
1313 1096 1486 1145 morie-

191 1168 328 1214 batur
370 1203 381 1214 .
676 1186 680 1189 ¹

262 1314 309 1360 3.
348 1299 648 1347 Polemarchi
675 1300 814 1346 Uxor
850 1296 1112 1358 Anginosa,
1157 1307 1490 1358 prorumpente

195 1370 318 1427 alvo,
356 1382 403 1416 et
439 1369 618 1433 liquida
660 1370 810 1415 multa
847 1380 1060 1415 acervata
1101 1380 1147 1414 et
1171 1367 1492 1429 graveolentia

196 1457 427 1506 egerente,
471 1443 727 1506 intercepta
764 1458 900 1499 voce,
962 1441 1085 1488 circa
1133 1441 1366 1489 Octavam
1413 1452 1492 1487 aut

198 1519 395 1565 Nonam
421 1530 606 1564 mortua
640 1517 753 1564 est'.

263 1674 312 1716 4.
346 1657 578 1705 Lariffaeae
601 1673 860 1720 puerperae,
904 1655 964 1702 de
997 1671 1092 1718 qua
1113 1654 1242 1711 alibi,
1273 1654 1438 1701 oetava
1469 1671 1494 1700 a

200 1729 323 1777 foetu
365 1745 551 1778 mortuo
584 1731 792 1794 expulso,
839 1728 916 1776 die
956 1729 1072 1776 salus
1109 1729 1321 1792 obtigisse
1361 1728 1494 1776 vide-

203 1819 280 1852 tur
298 1803 331 1851 ⁸.

554 1944 907 1992 DIES
1048 1943 1142 1989 IX.

272 2078 337 2124 A.
382 2078 588 2139 Qartus
608 2093 664 2122 ex
689 2075 985 2134 circuitibus,
1012 2075 1092 2138 qui
1114 2073 1369 2138 imparibus
1398 2071 1498 2119 die·

210 2147 299 2194 bus
317 2146 560 2211 judicant:
605 2148 792 2195 sudores
834 2150 1022 2198 criticos
1061 2148 1226 2196 affert:
1266 2146 1384 2209 saepe
1415 2146 1502 2193 hac

251 2284 266 2306 3
294 2281 410 2319 Mer-c.
430 2280 614 2321 d’Offobr.
648 2283 745 2320 Amt.
771 2295 879 2333 1749.

255 2344 274 2365 4
301 2340 426 2377 Probl.
452 2342 535 2379 108.

259 2404 272 2425 ⁵
303 2400 415 2451 Epid.
438 2401 513 2438 IV.

257 2460 276 2482 ⁶
306 2461 396 2496 Loc.
417 2464 478 2497 cit.

262 2522 278 2546 ⁷
308 2519 422 2570 Epid.
444 2518 631 2570 VILscct.
653 2519 676 2557 i.
691 2520 785 2557 Haec
804 2518 956 2557 historia
976 2518 1066 2558 alibi
1088 2520 1213 2558 rursus
1224 2520 1335 2573 Epid.
1352 2519 1404 2558 V.
1424 2518 1516 2571 legi-

209 2589 284 2625 tur,
303 2576 524 2629 ibidemque
547 2578 645 2617 inter
664 2579 871 2629 Septimam
900 2590 936 2617 et
956 2579 1126 2626 Nonam,
1160 2579 1372 2631 intercepta
1406 2593 1513 2624 voce,

208 2648 361 2677 mortua
379 2637 447 2675 esse
467 2637 629 2679 dicitur:
659 2639 757 2678 inter
776 2641 920 2679 oetavae
948 2639 1020 2680 diei
1043 2640 1188 2692 judicia
1216 2641 1347 2683 retulit
1374 2642 1436 2683 111.
1456 2639 1514 2677 De

211 2698 341 2737 Haen.

267 2757 280 2779 ⁸
311 2755 429 2797 Conf.
462 2757 569 2811 AEgr.
585 2760 666 2801 viii.
697 2763 788 2801 Diei
805 2761 870 2801 ΠΙ,
1439 2817 1481 2864 ἀ.

1474 2833 1513 2863 le
