1932 3319
442 263 536 314 ¹74
691 249 804 300 DE
861 252 1046 301 v1T.
1104 252 1496 302 PERIOD.

438 383 740 432 nihilominus
783 386 1064 432 circuituum
1112 389 1277 435 eadem
1326 389 1372 432 in
1413 387 1483 434 his
1515 400 1657 452 atque
1681 387 1757 436 in'

437 458 616 506 morbis
643 459 836 523 reliquis
862 459 981 507 ratio
1008 462 1217 521 putanda
1241 459 1321 515 est,
1347 473 1398 504 ut
1413 463 1563 508 caeteri
1585 463 1729 508 etiam

437 532 696 593 intermedii
713 534 826 589 dies,
855 534 946 581 five
967 536 1337 588 conversionem,
1370 534 1460 580 slve
1485 535 1730 598 aegritudi·

434 607 503 654 nis
527 608 705 654 exitum
730 608 893 655 afferre
927 622 1113 672 queant.
1159 610 1237 656 Sic
1263 609 1611 671 Metrophontis
1636 610 1729 658 Fil.

431 683 587 746 capite
626 683 938 739 vulneratum,
984 683 1285 730 Duodecima
1331 697 1600 745 correptum
1640 684 1726 731 lae-

430 757 543 803 thali
570 757 712 813 febre,
754 758 799 804 in
879 770 1007 803 uarta
1055 771 1100 804 et
1132 758 1370 821 Vigefima
1411 757 1570 804 obiisse
1607 756 1730 820 legi-

430 845 559 875 mus:
588 830 700 876 item
726 832 1059 876 Autonomum
1084 831 1286 877 Decima
1311 830 1434 876 sexta
1463 846 1487 875 e
1508 829 1605 875 vita
1630 830 1725 876 mi-

430 906 642 966 graviffe,
690 919 735 950 et
761 907 1006 966 Virginem
1032 907 1158 951 illam
1192 906 1440 967 pulchram
1466 906 1612 952 Nerei
1634 905 1726 952 Fil.
1757 932 1760 934 v

428 980 487 1024 ab
510 979 661 1024 amica
686 978 876 1024 ludente
895 979 986 1024 lata
1002 993 1143 1023 manu
1160 977 1207 1024 in
1231 978 1429 1040 finciput
1449 980 1726 1040 percussam,

425 1051 533 1098 fatis
576 1069 697 1099 nona
720 1052 795 1098 die
824 1052 1101 1108 concessisse,
1142 1052 1392 1116 postquam
1418 1052 1464 1098 in
1490 1053 1721 1115 Septima,

427 1125 553 1171 circa
596 1142 756 1172 aurem
800 1125 1015 1173 dextram
1057 1125 1099 1172 ei
1139 1143 1226 1189 pus
1258 1126 1536 1189 proceffiffet
1560 1143 1728 1189 grave-

423 1199 571 1255 olens,
611 1198 914 1256 subrubrum,
957 1212 1004 1245 et
1029 1199 1287 1262 copiosum,
1331 1216 1427 1262 quo
1455 1199 1630 1246 fluente
1654 1200 1724 1248 le-

423 1272 522 1317 vari
551 1272 813 1319 videbatur.
885 1271 1111 1320 Similiter
1147 1271 1437 1319 abscessuum
1473 1272 1722 1334 ruptiones

422 1346 640 1408 plurimae
687 1347 879 1410 quidem
923 1346 1149 1410 vigesima
1194 1346 1270 1393 die
1316 1346 1559 1402 eveniunt,
1621 1347 1724 1394 aliae

423 1420 679 1484 trigesima,
721 1422 1077 1485 quadragesima
1117 1422 1238 1477 aliae,
1291 1421 1516 1484 seriusque
1568 1421 1722 1472 adhuc

423 1495 545 1552 aliae‚
588 1496 725 1542 simili
766 1495 1035 1558 interposito
1075 1494 1258 1541 dierum
1285 1496 1464 1554 ordine,
1506 1507 1646 1560 atque
1671 1496 1720 1543 in

421 1567 621 1615 febrium
647 1569 902 1615 curatione.
959 1570 1193 1615 Ulcerum
1234 1584 1427 1631 quoque
1455 1567 1717 1616 inflamma-

422 1643 573 1691 tiones
624 1657 790 1706 quarta
815 1644 890 1690 die
915 1644 1193 1707 plerumque
1234 1643 1484 1706 incipiunt,
1526 1644 1720 1708 septima

419 1734 532 1766 vero
567 1717 834 1781 frequenter
857 1717 1099 1771 sedantur3
1141 1718 1320 1765 tametsi
1350 1734 1435 1780 pro
1465 1718 1716 1767 vulnerum

419 1793 700 1849 differentia,
740 1792 920 1839 diversa
965 1792 1515 1856 fimiliterjudicantium
1557 1793 1714 1855 perio-

418 1866 588 1913 dorum
607 1866 660 1912 fit
684 1864 849 1911 series:
890 1865 937 1910 in
973 1863 1078 1910 aliis
1113 1881 1316 1927 namque
1349 1865 1466 1912 intra
1502 1865 1715 1927 primum

419 1939 688 1994 circuitum,
726 1937 807 2000 qui
832 1938 889 1984 ad
918 1937 1241 1983 Undecimam
1278 1936 1422 1999 usque
1444 1937 1714 1999 porrigitur,

416 2014 612 2058 vulnera
630 2011 688 2057 ab
709 2010 1082 2058 inflammatione
1107 2011 1378 2065 liberantur,
1411 2011 1544 2072 quod
1570 2011 1710 2062 serius

419 2085 464 2131 in
485 2085 584 2132 aliis
596 2083 818 2132 succedit.
833 2083 1113 2131 Cavendum
1130 2095 1395 2147 propterea,
1413 2083 1712 2146 Hippocrate

409 2156 591 2220 judice,
633 2157 881 2221 Chirurgis
906 2158 985 2215 est,
1022 2172 1080 2204 ne
1104 2157 1278 2205 criticis
1302 2156 1472 2203 diebus
1513 2157 1711 2222 scalpel-

415 2232 516 2279 lum
542 2232 777 2280 ulceribus
802 2232 1082 2280 admoveant
1091 2255 1105 2286 ς
1144 2230 1366 2277 nimirum
1386 2246 1444 2276 ne
1468 2232 1706 2279 recrudes-

414 2305 565 2352 centia
587 2305 669 2353 sub
689 2306 759 2353 his
778 2305 947 2352 diebus
965 2305 1174 2359 vulnera,
1212 2303 1343 2350 novis
1370 2302 1572 2351 adbibits
1600 2294 1708 2351 vul-

415 2378 621 2434 neribus,
668 2392 748 2426 aut
786 2379 964 2425 acrium
1006 2377 1460 2425 medicamentorum
1487 2377 1707 2441 appositi-

413 2467 502 2498 one
525 2451 630 2514 plus
654 2453 803 2499 adhuc
829 2452 1024 2509 irritent,
1065 2451 1196 2516 quod
1229 2463 1274 2496 et
1297 2450 1472 2507 ulcera,
1522 2450 1706 2498 tametfi

416 2525 636 2573 sanationi
662 2526 746 2572 sint
763 2527 1000 2590 propiora,
1016 2527 1084 2574 his
1102 2526 1306 2572 maxime
1329 2524 1496 2572 diebus
1522 2526 1704 2574 inflam-

412 2599 529 2647 mari
556 2597 893 2646 consueverint.
965 2601 1197 2647 Salutares
1234 2600 1427 2645 demum
1457 2600 1550 2646 alvi
1592 2615 1699 2646 eva-

407 2674 662 2729 cuationeS,
698 2675 903 2736 itemque
928 2674 1129 2731 sudor-653,
1159 2674 1333 2723 criticis
1359 2673 1478 2737 saepe
1501 2673 1693 2727 diebus,

1648 2764 1696 2796 in
